3370 5102
734 351 941 413 „43-

326 513 442 578 Petrus
460 513 598 579 Murcus
621 518 730 578 noster
751 518 848 578 natur
870 517 920 579 est
934 507 1037 578 medio
1054 511 1182 578 circiter
1197 511 1258 576 XV
1274 511 1413 594 saeculo,

263 629 366 677 annus
389 605 473 677 enim
493 613 613 678 natalis
634 617 732 678 notus
753 616 895 689 nonest,
918 612 951 676 in
973 611 1124 693 oppidulo
1142 611 1224 676 Oesa
1245 611 1307 676 sito
1328 610 1362 674 in
1378 627 1417 675 sa

263 710 408 790 regione,
431 729 527 792 quam
542 715 670 776 ueteres
686 711 785 777 Marsi
807 711 1024 798 incoluerunt,
1047 709 1133 774 unde
1147 710 1216 790 ipsc
1232 709 1418 789 cognomine

263 808 391 874 Marsus
418 815 468 876 est
489 811 670 892 appellatus
680 811 719 892 1);
750 811 804 892 qui
827 829 898 876 cum
924 828 1006 890 puer
1028 808 1215 874 clericorum
1236 807 1341 872 ordini
1363 807 1418 872 ad-

264 909 403 990 scriptus
419 913 517 987 esset,
532 911 611 974 adeo
627 910 815 975 auctoribus
831 908 998 974 ueteribus
1017 907 1240 972 delectabatur
1256 910 1303 989 ut,
1319 907 1419 970 donec

264 1007 361 1090 uixit,
397 1027 462 1072 non
494 1009 599 1074 minus
633 1009 682 1073 his
718 1007 897 1074 tractandis
929 1011 963 1071 et
998 1005 1251 1086 interpretandis
1286 1023 1419 1085 operam

263 1112 402 1172 nauaret
424 1125 521 1188 quam
542 1108 650 1172 diuino
677 1107 779 1173 cultui
797 1107 989 1189 exercendo,
1021 1112 1054 1170 et
1074 1107 1246 1186 tantopere
1268 1103 1419 1184 operibus

265 1206 330 1270 suis
352 1206 478 1271 celeber
500 1206 605 1272 tactus
627 1211 689 1284 est,
711 1212 749 1271 ut
769 1205 949 1270 Canonicus
963 1203 994 1270 S.
1007 1204 1037 1268 S.
1052 1203 1218 1268 Laurentii
1241 1207 1274 1268 et
1292 1203 1420 1268 Damasi

265 1307 384 1371 Romae
407 1305 590 1371 efficeretur
600 1307 636 1387 2).
681 1291 846 1386 M'agistris
866 1321 944 1368 usus
966 1308 1100 1368 estnon
1123 1303 1225 1367 solum
1247 1301 1419 1382 Pomponio

264 1405 364 1470 Laeto
394 1411 428 1470 et
455 1405 673 1488 Argyropylo‚
707 1408 744 1468 ut
773 1403 865 1467 multi
897 1403 1045 1484 tradunt,
1079 1421 1197 1466 uerum
1235 1401 1346 1478 etiam,
1381 1405 1419 1464 ut

263 1505 363 1586 ipsius
385 1505 486 1570 uerba
507 1505 701 1585 indicanti),
724 1503 863 1566 Domitio
886 1499 1115 1585 [Oalderin0?],
1138 1518 1276 1582 quorum
1297 1499 1420 1581 primus

264 1621 337 1668 eum
367 1603 409 1668 ad
431 1603 599 1668 dicendum
621 1603 774 1679 maxime,
808 1601 891 1665 alter
914 1599 955 1664 ad
976 1600 1211 1681 philosophiam
1242 1598 1421 1664 instituisse

264 1703 411 1781 uidetur,
433 1721 509 1767 nam
524 1719 542 1766 a
558 1702 600 1766 M.
613 1701 751 1768 Antonio
767 1699 923 1765 Sabellico
946 1699 1000 1784 [de
1013 1697 1139 1782 liapuoc
1155 1697 1273 1762 lotione
1287 1718 1420 1779 reperc-

264 1803 346 1868 ta'ooc
369 1802 487 1884 (Bopt.
514 1801 656 1866 Guariot
677 1801 858 1865 dissertatio
857 1799 891 1883 )]
916 1799 1092 1882 „eloquens
1114 1797 1247 1875 dicitur,
1269 1802 1307 1861 ut
1329 1795 1419 1860 Pom·

264 1903 351 1983 ponii
381 1901 561 1968 auditorem
595 1917 764 1982 cognoscas
798 1905 846 1977 et,
879 1897 964 1981 quod
990 1898 1063 1978 plus
1089 1903 1154 1976 est,
1190 1897 1421 1978 propemodum

264 1999 490 2083 philosophus,
526 2000 584 2066 sed
621 1989 898 2080 quantuscumque
933 1998 966 2061 in
1002 1996 1202 2078 philosophia
1238 2001 1307 2079 est,
1346 2015 1421 2060 eum

267 2099 454 2181 Argyropili
485 2098 730 2165 contubernium
762 2097 903 2175 effecit“;
944 2100 1044 2178 atque
1081 2094 1172 2160 illum
1211 2093 1421 2176 Pomponium

264 2199 403 2262 Laetum
418 2199 497 2264 adeo
509 2197 620 2264 dilexit
631 2203 669 2262 ut
679 2197 836 2276 supremis
848 2197 916 2261 eius
926 2195 1076 2260 laudibus
1086 2195 1264 2259 orationem
1275 2194 1421 2271 haberet,

267 2314 354 2376 quae
371 2315 442 2360 cum
459 2296 618 2362 Ciceronis
638 2295 730 2362 libris
752 2295 931 2360 denatura
952 2295 1084 2360 deorum
1106 2299 1139 2358 et
1164 2294 1202 2358 de
1226 2294 1423 2360 diuinatione

267 2393 423 2475 impressa
445 2400 503 2459 est.

327 2493 519 2575 Priusquam
531 2493 571 2558 de
582 2494 649 2558 eius
658 2493 750 2560 libris
765 2494 877 2578 dicam,
890 2493 1096 2559 annotatione
1111 2492 1189 2557 mihi
1205 2493 1337 2574 dignum
1352 2511 1421 2559 esse

264 2592 396 2657 uidetur
422 2593 507 2674 quod
528 2598 605 2658 sunt
626 2594 680 2675 qui
701 2594 836 2660 tradant
846 2596 882 2678 4),
905 2594 1042 2658 Paulum
1063 2593 1221 2670 Marsum,
1256 2596 1417 2659 oratorem

262 2697 296 2758 et
316 2697 462 2774 poetam,
482 2692 572 2758 Petri
593 2693 692 2758 Marsi
713 2693 863 2777 fratrem,
886 2693 992 2759 Ouidii
1006 2693 1179 2758 Fastorum
1192 2694 1417 2774 grauissimum

262 2792 489 2874 interpretem,
533 2811 628 2873 quem
666 2813 737 2858 cum
769 2793 809 2858 ab
842 2793 913 2858 aliis
950 2798 1019 2857 tum
1052 2811 1071 2856 a
1102 2791 1198 2858 Petro
1234 2793 1419 2858 Marcellino

263 2891 440 2956 Corradiuo
472 2892 505 2956 in
536 2889 620 2956 libro
652 2891 692 2957 de
717 2899 829 2958 uetere
855 2893 948 2957 Latio
981 2892 1135 2974 imprimis
1163 2911 1258 2974 saepe
1285 2891 1419 2972 allegari

263 2989 411 3073 cognoui,
427 2990 571 3056 Piscinae
585 2991 619 3055 in
631 3009 709 3072 agro
720 2991 933 3071 Neapolitano
945 2995 1059 3055 natum
1069 2989 1175 3069 fuisse,
1190 2991 1275 3072 quod
1286 3009 1419 3072 prorsus

253 3089 379 3156 ¹falsum
402 3109 471 3156 esse
492 3091 710 3170 Corsignanus
731 3091 826 3156 testis
848 3097 911 3168 est,
935 3089 990 3172 qui
1012 3089 1090 3154 dicit
1112 3091 1156 3174 [p.
1173 3090 1257 3173 210],
1282 3091 1418 3158 Paulum

262 3189 419 3267 Marsum,
446 3189 583 3255 tratrem
603 3189 707 3269 Petri,
733 3189 914 3256 ambitionis
942 3189 1016 3254 labe
1037 3189 1191 3256 iniectum
1212 3189 1359 3256 Piscinae
1381 3211 1414 3257 se
1498 3205 1503 3223 ¹

261 3295 370 3352 ortum
391 3287 504 3354 fecisse
525 3290 558 3352 in
581 3289 825 3355 Commentariis
847 3291 1032 3368 Fastorum3
1057 3289 1111 3372 „is
1132 3294 1241 3354 tamen
1251 3291 1277 3366 “,
1301 3292 1416 3375 inquit,

329 3469 358 3536 ¹l'
368 3469 479 3524 Patriae
503 3485 570 3524 suae
591 3471 651 3539 ipsa
667 3473 766 3528 Petrus
785 3473 893 3529 Marsus
911 3473 1075 3528 mentionem
1091 3471 1159 3525 facit
1175 3472 1204 3525 in
1221 3478 1363 3528 comment.
1382 3472 1418 3528 ad

261 3553 307 3608 Sil.
316 3553 350 3608 lt
359 3553 426 3608 Pun.
436 3552 502 3607 VIII
510 3554 560 3606 505
576 3553 619 3607 his
637 3555 743 3610 uerbis:
765 3555 845 3624 ,Ideo
857 3557 923 3612 dicit
934 3555 1046 3623 Strabo,
1065 3555 1138 3610 Alba
1151 3555 1253 3612 Marsis
1272 3555 1414 3612 finitimum

261 3634 433 3704 oppidulum,
451 3633 523 3704 quod
536 3634 620 3690 (lesan
632 3636 774 3702 appellant
784 3637 942 3706 indigenae,
958 3654 1047 3692 meum
1060 3639 1154 3693 natale
1166 3640 1267 3704 solum,
1286 3645 1419 3706 quattuor

261 3717 371 3772 milibus
389 3733 534 3786 passuum,
552 3717 587 3772 ab
605 3717 677 3772 Alba
695 3717 793 3784 distat,
811 3719 847 3773 ad
864 3721 972 3775 radices
983 3723 1085 3776 montis
1102 3723 1197 3789 situm,
1215 3721 1243 3774 in
1261 3722 1417 3788 quoDicta·

261 3813 352 3852 mnum
368 3801 499 3856 nascitur.
534 3801 611 3856 Haec
628 3799 699 3867 dixi,
715 3795 750 3854 ne
767 3801 890 3870 ingratus
908 3817 973 3868 erga
990 3803 1110 3870 patriam
1126 3803 1235 3857 uiderer
1247 3818 1344 3871 meam,
1362 3819 1418 3872 qua

261 3879 299 3932 nil
316 3881 382 3935 mihi
398 3891 441 3938 est
458 3883 616 3952 iucundius,
633 3884 671 3937 nil
689 3882 850 3952 antiquius.“

327 3961 347 4028 ²)
366 3964 407 4018 (ii.
423 3966 445 4019 P
471 3970 536 4022 Ant.
555 3966 729 4034 consignant,
747 3965 781 4020 de
799 3966 872 4021 Viris
889 3965 1040 4020 illustribus
1058 3967 1224 4035 Marsorum,
1242 3984 1269 4036 p.
1285 3971 1343 4024 209.

327 4044 348 4111 3)
372 4045 462 4102 Praei.
481 4049 517 4102 ad
534 4050 580 4105 Sil.
597 4049 643 4104 It:
672 4051 777 4117 ,secuti
801 4056 863 4105 sunt
890 4048 927 4118 [in
949 4049 1061 4118 interpr.
1080 4049 1148 4119 Silii]
1171 4051 1224 4106 uiri
1248 4053 1418 4106 sacculorum

262 4129 394 4182 memoria
411 4128 486 4196 digni
504 4146 537 4184 ac
552 4132 669 4188 Romani
687 4133 787 4201 eloquii
802 4133 895 4188 ,sidera
913 4139 940 4188 et
958 4133 1061 4188 clarum
1084 4133 1181 4201 decus,
1205 4134 1372 4200 Pomponius
1390 4142 1418 4189 et

261 4211 411 4278 Domitius,
429 4220 628 4282 praeceptores,
642 4215 703 4270 mei.

326 4293 348 4361 ⁴)
365 4295 432 4359 cnm
441 4293 489 4349 alii
497 4300 554 4349 tum
563 4295 668 4364 Zedler,
675 4297 962 4372 Universal-Lexikem
972 4297 1103 4374 Toppius,
1110 4297 1280 4354 Bibliotheca
1287 4297 1415 4370 Neapoli·

260 4383 341 4454 tunm
358 4378 491 4451 Gassner,
508 4377 686 4439 Bibliotheca,
1121 4397 1123 4402 ·
