3370 5102
711 291 915 352 ..10..

235 457 309 524 uiuo
324 457 399 521 Tur.
416 462 449 521 et
464 455 512 521 ed.
529 473 650 538 omnes,
674 454 747 518 aluo
764 457 810 516 est
825 452 909 536 Gal,
931 451 1028 529 Phil.‚
1042 449 1232 514 Pan-Recte
1246 448 1320 512 Tur.
1345 454 1391 512 est

234 557 353 639 omisit,
385 575 460 620 nam
492 561 566 636 post
591 555 722 618 iuncum
755 553 882 617 demum
910 549 1205 632 interpungendum
1236 553 1301 632 est,
1335 549 1390 612 ubi

236 656 349 736 incipit
380 655 583 720 enuntiatum
610 654 713 718 maius
742 652 860 736 [simul
889 671 929 714 m.
953 651 993 716 ab
1021 650 1094 714 aluo
1121 648 1292 730 prolapsus
1320 667 1344 712 c.
1368 647 1388 711 i.

237 773 369 837 corpore
391 755 521 818 humum
543 754 669 836 pressit,
692 754 756 817 iam
779 758 858 834 tum,
881 751 914 816 id
936 755 1000 830 est,
1023 750 1063 814 ab
1085 749 1176 813 initio
1197 747 1349 832 bubo...]

318 890 345 934 v.
371 873 439 933 233.
484 870 693 951 Membraque
715 870 890 933 pinxerunt
910 868 1018 933 tinctis
1041 866 1205 946 ferrugine
1226 864 1341 946 pannis

238 971 412 1035 adnuerunt
434 970 524 1047 Tua,
545 972 719 1034 iurauerunt
740 968 827 1045 Gal,
850 967 947 1045 Phil.‚
968 970 1108 1031 dcerunt
1129 965 1217 1049 Par,
1238 964 1390 1045 ineptire,

235 1071 374 1150 primum
396 1087 504 1134 omues
527 1070 682 1134 editiones
704 1073 906 1148 receperunt.

318 1205 347 1250 v.
371 1191 440 1250 265.
484 1185 593 1263 Qualis
615 1185 721 1250 atille
742 1184 817 1264 fuit,
840 1203 902 1266 quo
923 1181 1142 1266 praecipiente
1165 1180 1311 1246 columba

485 1286 544 1350 Est
567 1286 644 1349 data
665 1283 829 1348 Palladiae
852 1283 997 1364 praemia
1018 1282 1146 1363 duxque
1168 1280 1241 1344 rati.

238 1384 291 1450 ille
313 1385 394 1469 Gal,
416 1385 485 1468 ipse
506 1385 596 1470 Phil.‚
620 1385 705 1464 Tur,
728 1383 812 1467 Par,
835 1381 1003 1448 manifesto
1027 1400 1144 1446 errore.

321 1519 348 1563 v.
366 1505 423 1566 291
442 1519 502 1582 sq.:
525 1499 633 1582 thue
645 1520 761 1582 parum
772 1500 868 1584 mitia,
881 1498 1011 1564 sednon
1023 1499 1162 1578 impune,
1174 1497 1391 1578 Prometheus,

526 1601 640 1666 Aerias
662 1600 808 1665 uolucres
830 1599 988 1680 sanguine
1006 1601 1096 1681 daus
1119 1597 1190 1662 alas

235 1702 323 1782 daus
346 1701 418 1766 alas
440 1701 529 1779 Phil.‚
554 1701 645 1778 Tua,
664 1722 766 1784 pasce
792 1706 845 1764 tuo
875 1699 1056 1776 Gal-uide,
1086 1698 1171 1780 quod
1201 1697 1277 1762 dicit
1306 1696 1389 1762 Mer·

238 1799 355 1864 lelius:
384 1819 631 1883 ,sequeremur,
660 1801 686 1864 si
707 1801 758 1864 vel
780 1798 877 1864 semel
899 1799 1088 1881 imperativo
1110 1798 1142 1862 in
1165 1797 1215 1862 his
1236 1797 1392 1878 impreca-

239 1899 379 1964 tionibus
402 1919 480 1964 usus
503 1905 588 1966 esset
609 1901 735 1981 poetaf‘
779 1899 917 1981 Optime.
931 1901 956 1982 1)

322 2035 350 2080 v.
375 2021 444 2080 316.
488 2017 539 2082 Sic
562 2022 621 2082 tua
642 2017 813 2082 subsidens
836 2017 973 2082 deuoret
994 2033 1067 2080 ossa
1089 2015 1167 2080 cinis

240 2115 423 2194 subsidens,
448 2116 533 2198 quod
548 2116 669 2181 habent
683 2117 770 2200 Tur,
793 2115 883 2194 Phil.‚
906 2134 1014 2181 omnes
1030 2108 1170 2181 editores
1184 2119 1387 2196 receperunt,

239 2217 429 2282 succindens
452 2216 538 2296 Gal,
568 2217 739 2282 succedens
761 2216 834 2280 Par.
857 2252 897 2262 —
927 2217 1145 2300 „scripturam
1173 2220 1338 2294 receptam
1359 2220 1392 2278 et

239 2317 306 2381 eius
332 2317 634 2398 interpretationem
655 2322 768 2384 tuetur
789 2317 937 2384 Valerius
959 2315 1118 2382 Maximus
1140 2320 1181 2392 9,
1205 2319 1233 2394 2,
1256 2315 1393 2383 cinerem

239 2415 328 2480 illum
348 2417 532 2483 insidiosam
555 2418 736 2498 congeriem
758 2418 947 2499 appellans“
971 2416 1103 2499 [Mera]

323 2553 351 2598 v.
376 2539 444 2599 325.
479 2535 588 2616 thue
610 2535 685 2598 Milo
707 2534 766 2599 sub
790 2553 852 2616 quo
874 2534 1017 2599 cruciata
1040 2537 1089 2598 est
1114 2533 1195 2598 Pisa
1217 2536 1355 2613 tyranno

235 2635 315 2717 pisa
336 2634 432 2716 Phil.‚
455 2635 545 2717 Tun,
562 2655 650 2717 prusa
664 2635 752 2718 Par,
775 2655 866 2700 rainu
888 2634 972 2717 Gal,
995 2634 1084 2698 cuius
1106 2633 1274 2698 lectionem
1290 2632 1395 2698 cuius-

240 2733 319 2798 libet
339 2734 463 2798 librarii
484 2735 671 2800 inscientiae
693 2736 855 2816 imputare
878 2753 941 2799 non
964 2734 1087 2799 dubito.

323 2869 352 2914 v.
377 2855 445 2916 361.
484 2853 576 2917 Neue
597 2853 699 2938 anapia
715 2853 777 2934 pia
800 2854 843 2917 sit
864 2854 1022 2934 capitique
1038 2853 1186 2934 parentis
1213 2849 1316 2914 amica

239 2951 291 3015 lta
317 2953 401 3030 Gal,
434 2952 528 3029 Phil.‚
556 2953 645 3036 Tur,
672 2953 759 3017 Pau:
791 2952 880 3017 Filia
905 2973 983 3016 nene
1008 2953 1110 3036 napis
1137 2951 1233 3033 capiti
1261 2949 1304 3014 sii
1329 2947 1398 3032 sida

234 3054 393 3133 pauentis.
448 3053 541 3118 Hunc
577 3073 705 3119 uersum
739 3057 925 3134 corruptum
958 3069 1028 3119 esse
1060 3070 1168 3117 omues
1200 3050 1263 3114 huc
1294 3065 1396 3128 usque

242 3152 381 3217 editores
413 3153 655 3233 intellexerunt3
688 3153 780 3236 „fida
809 3155 920 3236 capiti,
952 3154 1013 3217 nisi
1042 3151 1170 3234 fallor“,
1205 3149 1281 3214 dicit
1313 3147 1398 3212 Mer-

241 3252 359 3330 kelius,
383 3257 475 3336 ,tam
498 3273 599 3334 praua
623 3255 740 3319 dicitur
762 3272 858 3336 quam
873 3254 999 3336 pietas,
1029 3271 1111 3334 quae
1132 3251 1222 3332 turpi
1247 3247 1397 3328 obsequio

242 3357 275 3417 et
296 3354 519 3418 consuetudini
542 3360 617 3420 ante
640 3359 836 3420 memoratae
858 3353 1044 3435 opponitur,
1067 3350 1257 3418 omittitur.“

326 3490 355 3534 v.
380 3474 448 3535 372.
493 3473 578 3538 Dum
599 3475 687 3556 facta
710 3478 757 3537 esi
778 3471 879 3554 pomis
902 3471 1027 3536 tardior
1049 3471 1104 3534 illa
1125 3468 1230 3534 tribus

241 3571 329 3652 sacia
351 3570 438 3635 Tur..
469 3577 562 3654 capta
585 3571 668 3656 Gal,
692 3573 786 3650 Phil.‚
808 3571 881 3636 Par.
904 3609 944 3617 ——
966 3573 1054 3654 facta
1080 3571 1151 3635 iure
1173 3586 1281 3633 omnes
1304 3571 1393 3631 ante-

242 3675 435 3750 posuerunt,
458 3689 532 3736 nam
546 3673 655 3738 uerbis
675 3675 803 3756 frustra
817 3674 937 3754 petiere
958 3690 1021 3736 non
1037 3674 1086 3736 est
1102 3669 1298 3734 contrarium
1323 3667 1398 3732 dun

243 3775 337 3852 capia
359 3777 406 3835 est
427 3789 488 3852 sq.,
522 3773 578 3837 sed
606 3793 661 3856 spe
690 3772 836 3854 capiendi
850 3773 970 3854 petiere
992 3771 1045 3836 uel
1072 3771 1139 3834 tale
1166 3769 1257 3849 quid;
1290 3768 1397 3831 tribus

244 3871 327 3935 enim
348 3871 449 3951 pomis
471 3872 616 3950 obiectis,
650 3873 765 3953 quibus
787 3871 940 3936 Atalante
968 3871 1092 3936 tardior
1117 3871 1205 3954 factu
1227 3872 1289 3944 est,
1326 3885 1398 3949 spes

243 3969 429 4051 petentibus
450 3971 558 4037 oblata
579 3977 641 4051 est,
665 3991 699 4038 se
721 3991 791 4038 eam
815 3989 884 4036 esse
906 3977 1066 4053 capturos.

311 4188 333 4254 1)
351 4188 428 4244 Haec
445 4189 532 4244 uerba
550 4190 604 4246 alio
624 4205 731 4259 quoque
749 4189 861 4244 consilio
875 4188 1008 4244 adductus
1022 4189 1114 4256 attuli,
1133 4193 1164 4243 ut
1177 4187 1398 4250 demonstrarem,

246 4289 326 4342 quam
345 4287 476 4340 peruersa
494 4274 584 4329 Ellisii
602 4275 759 4328 coniectura
777 4273 813 4326 sit
831 4271 866 4326 ad
883 4290 906 4325 v.
924 4275 972 4326 515
990 4269 1111 4342 prolata:

311 4355 515 4419 Astacidaeque
534 4358 614 4414 modo
633 4357 722 4413 defixa
740 4355 876 4412 cadauera
893 4361 980 4411 sunio.
