3370 5102
755 401 960 464 „52-

249 609 253 618 ,
278 565 434 630 contineri
456 568 516 629 aut
537 581 595 641 ea,
616 581 700 644 quae
721 563 762 629 ad
784 581 898 628 uerum
921 565 1053 645 propius
1074 581 1171 646 quam
1193 565 1329 631 aliorum
1350 583 1432 632 eom-

278 669 389 729 menta
410 661 573 730 accedant.

340 762 483 828 Primum
505 763 547 828 od
568 780 597 827 v.
611 765 684 840 255,
707 761 763 826 uhi
784 762 824 826 de
839 763 960 826 Darete
982 762 1035 826 uel
1048 763 1154 827 Dareo
1176 761 1299 828 Milesio
1321 763 1431 829 tabula

278 867 341 940 est,
376 863 431 944 qui
461 863 512 926 lac
534 861 698 927 ceruinum
726 861 836 925 bibere
858 865 987 925 coactus
1008 867 1156 926 mortuus
1185 879 1255 928 csse
1288 863 1430 944 fingitur,

277 979 392 1026 uerum
406 964 516 1026 noster
530 959 657 1025 Mersus
678 959 827 1040 praebet,
850 959 906 1040 qui
928 957 968 1022 de
983 958 1123 1040 Telepho
1138 963 1283 1042 exposito
1299 967 1333 1027 et
1347 963 1430 1028 laete

278 1079 395 1126 cernae
421 1060 546 1124 nutrito
574 1077 643 1124 rem
674 1060 924 1138 interpretatum
955 1056 1057 1123 habes
1087 1058 1191 1138 igitur
1221 1060 1285 1126 hoc
1312 1059 1429 1127 schoho

278 1159 458 1226 foedissime
478 1160 512 1223 in
535 1158 606 1223 aliis
628 1163 779 1238 corrupto
794 1167 953 1240 normam,
977 1173 1073 1238 quam
1095 1163 1225 1224 secutus
1247 1175 1427 1239 cognosces,

277 1277 340 1340 quo
362 1276 464 1340 usque
485 1258 604 1339 partim
625 1257 722 1322 miser
742 1255 795 1320 ille
817 1255 1001 1338 scholiasta,
1029 1256 1149 1337 partim
1170 1257 1214 1334 ei,
1245 1258 1301 1338 qui
1322 1263 1426 1323 muta·

276 1361 397 1422 uerunt
417 1362 451 1422 et
472 1359 646 1438 auxerunt,
669 1354 809 1434 fingendi
832 1358 864 1419 et
885 1354 1061 1420 mentiendi
1082 1357 1246 1436 progressi
1269 1357 1343 1422 sint.

339 1456 381 1522 ad
395 1475 424 1520 v.
438 1459 497 1520 287
519 1455 638 1520 iterum
653 1454 784 1520 diuersa
799 1453 839 1518 ab
855 1454 925 1519 aliis
946 1454 1137 1538 traduntur,
1160 1473 1257 1539 quae,
1273 1455 1335 1522 nisi
1349 1475 1429 1522 uera

275 1561 352 1620 sunt
382 1553 545 1632 habenda,
577 1559 686 1619 tamen
707 1571 786 1618 uero
812 1553 959 1634 proxima
985 1557 1078 1632 sunt3
1110 1571 1186 1618 nam
1207 1571 1280 1618 eum
1306 1554 1339 1619 iu
1367 1555 1429 1620 ilh's

275 1653 415 1736 dicatur,
437 1652 655 1735 Eurylochum
668 1651 874 1732 serpentibus
889 1655 1112 1734 consumptum
1127 1671 1206 1736 esse,
1229 1653 1315 1735 quod
1328 1652 1427 1719 filiam

275 1769 366 1817 suam
387 1756 540 1834 stuprare
560 1751 729 1830 uoluisset,
751 1751 826 1843 uide
840 1750 937 1832 apud
957 1755 1118 1817 nostrum:

338 1851 471 1917 l'nrrlall
493 1852 548 1933 pnn'
569 1871 612 1916 sc.
635 1851 716 1933 cepn't
736 1851 776 1915 ab
797 1850 851 1915 lllo
866 1849 878 1933 ]
894 1849 916 1914 f.
929 1851 1032 1916 arob:
1057 1850 1229 1929 Eanahs,
1254 1849 1326 1918 Rea
1346 1851 1428 1916 tdes-

273 1949 388 2028 sadec,
419 1951 475 2034 pal
502 1951 656 2015 secessit
681 1949 830 2014 thessalo.
878 1969 950 2015 carn
978 1951 1141 2033 sandteda
1168 1951 1346 2034 nostrornm
1374 1971 1428 2015 ne-

271 2049 437 2132 plena'sset,
460 2050 513 2114 lra
536 2047 751 2113 Enrnenldnrn
771 2048 866 2112 ndssl
886 2067 1015 2130 anpnes,
1040 2049 1096 2130 qni
1115 2048 1270 2114 donnana
1291 2049 1426 2114 ἀννονα-

273 2153 358 2212 rnnt.
400 2169 465 2214 non
492 2147 574 2213 nnlln'
602 2151 745 2212 errantes
774 2146 812 2211 de
837 2147 907 2211 lone
938 2147 1129 2230 tntello'pnnt,
1164 2148 1219 2230 qnl
1244 2167 1308 2212 non
1335 2145 1427 2211 modo

274 2245 405 2328 aliquod
436 2245 628 2329 snppla'cn'nm
652 2265 780 2328 passas
812 2265 876 2310 non
910 2249 969 2323 est,
1007 2245 1065 2310 sed
1097 2243 1270 2328 Ernnoddtl
1301 2247 1427 2312 corndes

273 2344 456 2428 (edendae
476 2346 554 2410 altit
566 2345 591 2427 1)
612 2349 819 2426 mortansqne
840 2347 887 2408 est
908 2345 1002 2408 etiarn
1021 2343 1163 2427 feliciter.
1355 2361 1357 2364 ·

335 2443 434 2510 Vides
454 2445 569 2526 igitur,
591 2444 687 2510 huius
707 2443 895 2524 interpretis
909 2443 1061 2508 iudicium
1075 2442 1116 2507 de
1132 2442 1222 2508 lonis
1236 2447 1341 2507 morte
1355 2461 1427 2508 eum

272 2545 383 2611 Ellisio
405 2562 595 2626 congruere,
618 2542 674 2623 qui
695 2542 779 2606 hanc
799 2540 943 2606 fabulam
965 2545 1147 2622 suspectam
1168 2541 1296 2622 quidem
1317 2540 1425 2605 hehet.

273 2644 356 2709 Nam
370 2661 442 2708 aum
461 2643 523 2708 iste
537 2643 612 2724 lon,
633 2659 691 2706 rex
705 2641 901 2723 Thessaliae,
923 2645 1019 2721 potus
1038 2641 1079 2705 de
1093 2639 1174 2707 Ossa
1187 2640 1425 2722 praecipitatus

274 2741 507 2823 emolliantur,
529 2739 659 2806 Marsus
679 2739 759 2804 talia
781 2739 923 2805 exhibet:

336 2839 379 2904 ed
392 2855 422 2902 ν.
435 2842 496 2903 284
515 2859 530 2902 e
545 2858 671 2903 snnnna
685 2837 846 2904 thessalas
861 2837 963 2921 ossa]
979 2837 1000 2902 f.
1016 2837 1120 2904 arob:
1144 2837 1329 2918 thessalas,
1354 2838 1425 2903 Rae

270 2935 455 3015 thessaliae,
490 2957 511 3002 a
546 2957 607 3019 qno
640 2935 795 3002 messella
824 2937 1026 3002 denominata
1056 2942 1118 3015 est,
1152 2938 1192 3002 ab
1224 2957 1301 3002 ossa
1326 2957 1424 3019 proe-

273 3037 422 3118 aipltotns
457 3036 530 3119 fnit.
583 3036 675 3101 endas
704 3035 794 3119 {idne
832 3035 956 3113 Neson,
985 3041 1176 3118 pronepotes
1213 3035 1365 3118 andpdns
1397 3040 1426 3100 et

265 3135 434 3218 pdlldrrpns
456 3157 477 3200 a
497 3154 573 3200 naso
593 3135 760 3200 montana
780 3135 966 3200 thessaliam
987 3134 1044 3199 d'nr
1066 3133 1354 3217 appellauerunt.²)

333 3234 375 3299 ad
390 3251 419 3298 ν.
433 3237 492 3297 297
514 3233 548 3297 in
562 3233 653 3299 libris
668 3233 779 3299 tabula
793 3237 901 3298 exstat
915 3231 1002 3298 talis:
1028 3233 1200 3312 Themisto,
1222 3253 1306 3298 naor
1320 3233 1424 3298 Atho-

270 3332 401 3409 raontls,
435 3330 565 3398 Oblonls
591 3331 662 3415 pilia
683 3329 829 3397 Brotean
848 3332 1000 3397 narltrrna
1019 3351 1055 3398 se
1080 3333 1284 3416 infestantem
1303 3353 1423 3398 nenena

269 3431 433 3514 interfecit.
477 3429 566 3497 Unde
583 3429 739 3496 Plantas:
765 3429 935 3508 OBrotea,
959 3451 983 3496 e.
1000 3451 1029 3513 q.
1045 3451 1072 3496 s.
1095 3431 1190 3516 [Gel.,
1212 3431 1268 3496 alii
1288 3431 1381 3514 siml.

329 3528 467 3597 Prorsus
488 3529 553 3596 alia
574 3547 675 3611 eaque
696 3547 777 3594 uera
797 3529 900 3594 tradit
920 3528 1019 3594 codex
1041 3529 1140 3596 Marsi
1160 3530 1217 3614 [nd
1237 3547 1267 3594 ν.
1284 3529 1372 3612 298)

318 3626 503 3714 ,alopen
532 3629 570 3694 de
598 3629 681 3694 done
701 3628 714 3711 ]
736 3627 758 3693 f.
781 3631 880 3693 hila:
911 3627 1098 3694 Alexander
1121 3627 1299 3694 hannnonla
1330 3627 1420 3711 didas

267 3725 369 3790 nolnlt
388 3725 506 3792 labent.
530 3728 674 3812 coroner
694 3727 842 3793 hannon
865 3727 982 3794 dlcltnr
1004 3727 1081 3809 palo
1100 3732 1137 3792 nt
1151 3728 1237 3792 ortes
1253 3727 1421 3792 colebatur.

274 3823 453 3890 Venenatns
475 3826 526 3890 ab
558 3825 731 3910 Antlpratro
759 3828 917 3910 poncerno
944 3826 1009 3908 fnit
1036 3823 1115 3904 iola,
1151 3826 1244 3892 cnlns
1276 3823 1421 3908 ampla

266 3923 384 3989 dicitnr
410 3945 475 3990 non
502 3925 640 3991 msclnrn
666 3926 771 4009 fnisse
801 3923 1006 4002 aristotelem,
1036 3928 1072 3988 nt
1099 3923 1146 3990 alt
1173 3923 1378 4006 paranetas.
1391 3921 1418 4006 8)

267 4021 361 4086 Jolae
386 4022 505 4088 cineres
531 4022 688 4106 alynpws
714 4023 884 4089 alexandri
904 4027 1006 4088 rnater
1034 4021 1211 4106 &soponit
1235 4043 1296 4089 eea.
1320 4023 1417 4088 nand

257 4123 336 4202 past
356 4120 426 4184 elne
447 4125 589 4199 ntentans,
619 4141 691 4188 earn
710 4122 840 4205 [nemas
862 4120 1127 4204 deprehendisset.
1176 4139 1330 4188 venenam
1350 4126 1419 4187 erud

266 4237 432 4248 m

329 4285 350 4354 1)
373 4286 485 4355 Strabo,
505 4303 533 4355 p.
550 4289 611 4342 388:
633 4286 697 4342 Ἴων
719 4290 749 4342 δὲ
766 4291 827 4353 τοὺς
848 4287 904 4355 μετ’
920 4289 1061 4356 Εὐμόλπου
1082 4291 1192 4357 νικήσας
1209 4291 1316 4356 Θρᾷκας
1333 4289 1416 4352 οὕτως

257 4371 434 4437 ηὐδοκίμησεν
451 4371 513 4423 ὥστ’
529 4373 676 4438 ἐπέτρεψαν
694 4373 764 4437 αὐτῷ
781 4373 828 4437 τὴν
845 4373 980 4425 πολιτείαν
998 4376 1023 4426 οἱ
1041 4371 1187 4440 Ἀθηναῖοι.

326 4448 351 4515 ²)
369 4449 469 4506 Strabo
485 4466 512 4519 p.
529 4453 587 4506 448.

329 4529 351 4596 ³)
367 4527 449 4600 Plan,
464 4531 542 4588 Alex
560 4534 601 4588 77.
