3370 5102
741 336 947 394 ..47-

325 497 374 560 Ad
395 497 481 560 hunc
500 496 605 560 locum
628 497 675 580 [et
696 497 738 562 ad
760 497 859 560 Ibidis
881 516 910 561 v.
928 499 1003 572 329,
1025 495 1100 560 nido
1121 513 1195 575 pag.
1219 494 1250 577 6]
1273 493 1420 560 conferas

266 596 372 660 Strab.
396 614 425 675 p.
443 600 516 660 544:
547 595 634 660 Μετὰ
657 597 694 679 δὴ
716 599 768 662 τὸν
791 596 964 680 Παρθένιον
986 597 1124 680 ποταμὸν
1146 598 1225 660 ἔστιν
1249 593 1422 679 ”Apamea

264 695 422 779 ὁμώνυμος
444 705 498 778 τῆς
520 697 719 779 coepulantur
735 696 831 772 πόλις.
846 696 963 779 ἵδρυται
977 693 1054 759 δ’ἑπί
1068 693 1275 778 χερροννήσου
1298 694 1420 778 λιμένας

263 798 380 879 ἔχουσα
401 804 455 859 τοῦ
477 797 589 878 ἰσθμοῦ
604 796 808 879 ἑκατέρωθεν·
830 794 866 878 ἦν
883 792 910 858 δ’
925 795 946 878 ἡ
961 792 1133 878 ’Άμοιστρις
1156 796 1233 876 γυνὴ
1248 793 1303 876 μὲν
1318 792 1421 857 Διονυ-

263 896 328 960 σίου
348 905 403 959 rot>
420 893 602 978 Ἡρακλείοις
621 896 777 978 τυράννου,
799 895 941 980 θυγάτηρ
967 894 1001 958 δὲ
1023 891 1197 976 Ὀξυάθρου
1219 902 1273 956 τοῦ
1294 891 1421 975 Δαρείου

262 993 399 1077 ἀδελφοῦ
424 1003 478 1058 τοῦ
504 997 585 1058 κατὰ
610 992 822 1078 Ἀλέξανδρον.
852 993 952 1078 ἐκείνη
977 997 1031 1076 μὲν
1057 991 1173 1058 οὖν-
1196 991 1345 1074 συνῴκισε
1366 993 1421 1074 τὴν
1535 993 1540 1002 ’

263 1092 364 1174 πόλιν,
387 1116 416 1157 κ.
433 1116 458 1156 τ.
476 1093 504 1156 λ.

326 1191 470 1272 Denique
490 1191 636 1256 conferas
656 1190 714 1256 hos
735 1191 819 1256 locos
841 1210 904 1256 non
927 1209 944 1254 e
966 1189 1124 1256 Strabone
1145 1189 1292 1253 haustos:

326 1290 366 1354 ad
388 1290 441 1356 Sil.
464 1291 527 1373 III,
551 1294 606 1354 38:
631 1290 771 1356 Thraces
794 1290 905 1373 equi]
926 1288 1104 1354 Diomedei.
1148 1287 1337 1369 Diomedes,
1359 1307 1418 1352 reu

264 1389 434 1467 Themide,
450 1390 589 1472 hospites
605 1389 767 1454 adiiciebat
782 1388 953 1454 iauiaudos
969 1387 1195 1469 uoraudosque
1209 1387 1314 1469 equis,
1337 1405 1417 1468 quos

262 1488 395 1554 debedat
410 1493 565 1572 efferatos.
597 1488 751 1554 Hercules
765 1490 873 1570 ipsum
888 1494 1034 1554 ueoatum
1042 1488 1190 1570 propriis
1214 1487 1303 1567 equis
1326 1486 1421 1550 deuo-

261 1589 401 1653 raudum
422 1589 531 1654 obiecit
553 1609 711 1670 equosque
736 1589 887 1654 abductos
912 1589 1131 1669 mansuefecit,
1163 1607 1298 1669 quorum
1317 1605 1421 1668 peuus

262 1709 365 1768 usque
387 1688 430 1752 ad
452 1688 676 1752 Aleuuudrum
697 1710 847 1771 manuum
861 1687 1052 1768 permuusit.

328 1787 368 1850 ad
390 1787 490 1852 Ibidis
511 1805 539 1852 V.
554 1792 611 1852 381
643 1787 684 1852 Ut
706 1788 762 1867 qui
784 1787 960 1852 Thraciae.
977 1835 1003 1850 ..
1015 1785 1037 1868 ]
1057 1784 1108 1848 iol.
1122 1788 1224 1847 ilde:
1247 1782 1419 1846 Diomedes

267 1887 339 1952 Rea
362 1887 520 1952 Thraciae
541 1907 638 1967 equos
660 1887 808 1968 dedebat,
836 1907 915 1966 quos
936 1885 1086 1950 immunis
1109 1882 1293 1965 corporibus
1316 1880 1419 1946 alebat

263 1987 369 2051 aeueis
386 1987 609 2068 praesepibus.
649 1985 838 2067 iuterfeetus
855 1985 1026 2049 Diomedes
1048 1984 1088 2048 ud
1103 1981 1241 2046 Hercule
1262 1981 1358 2045 datus
1374 1985 1422 2044 est

261 2086 330 2168 mse
350 2087 385 2150 iu
407 2087 510 2151 aidum
532 2087 636 2166 cquis,
670 2106 749 2166 quos
773 2085 898 2150 Juuoui
918 2085 1064 2150 sacrauit
1085 2081 1278 2160 Euristeus;
1308 2100 1417 2145 eorum

255 2184 361 2266 proies
383 2185 427 2249 ad
448 2185 674 2250 Aieuuudrum
695 2205 797 2264 usque
820 2184 1026 2248 Macedonem
1047 2189 1094 2248 est
1108 2185 1300 2266 propuputa.

327 2285 376 2346 De
404 2283 465 2348 hac
492 2283 728 2362 propagatione
749 2301 840 2346 nemo
863 2283 944 2346 alius
971 2282 1143 2347 scholiasta
1163 2281 1204 2344 in·
1226 2278 1298 2344 Ibin
1325 2279 1417 2360 qnid·
1530 2353 1532 2357 v

265 2397 362 2459 quam
383 2380 486 2444 tradit
507 2382 568 2444 nisi
590 2381 731 2462 Marsus,
764 2381 820 2461 qui
841 2386 981 2462 utroque
1003 2383 1071 2446 looo
1093 2380 1177 2446 idem
1199 2385 1329 2461 narrat,
1357 2377 1421 2442 nisi

266 2479 350 2559 quod
383 2479 424 2545 de
455 2480 545 2560 equis
581 2479 623 2544 ab
651 2479 832 2561 Eurystheo
858 2480 977 2543 lunoni
1006 2480 1142 2546 sacratis
1169 2479 1202 2542 in
1236 2496 1346 2544 comm.
1376 2477 1418 2541 ad

266 2577 377 2642 Silium
399 2578 477 2643 nihil
500 2579 628 2644 dicitur.

326 2678 498 2744 Maximam
534 2698 613 2744 uero
650 2698 781 2760 operam
815 2679 934 2744 Petrus
970 2677 1097 2743 Marsus
1137 2678 1172 2741 in
1212 2676 1418 2757 explicandos

264 2778 425 2844 Ciceronis
446 2778 545 2844 libros
568 2780 609 2845 ad
631 2799 684 2845 res
705 2777 940 2860 philosophicas
961 2777 1159 2857 pertinentes
1174 2776 1320 2857 contulit,
1342 2793 1420 2840 nam

262 2876 361 2941 libros
386 2878 427 2943 de
456 2879 580 2956 oiliciis,
610 2880 650 2944 de
679 2882 860 2959 senectute,
898 2878 938 2942 de
965 2877 1118 2952 amicitia,
1144 2876 1348 2957 Paradoxon,
1376 2875 1416 2938 de

264 2979 383 3039 natura
412 2977 559 3052 deorum,
590 2977 630 3041 de
659 2977 857 3041 diuinatione
886 2976 1122 3041 commentariis
1149 2975 1332 3050 exornauit,
1364 2973 1419 3054 qui

264 3073 419 3156 [exceptis
440 3074 531 3140 libris
554 3075 594 3140 de
609 3084 674 3140 nat.
697 3076 727 3140 d.
744 3081 777 3140 et
800 3077 840 3139 de
862 3075 941 3157 din]
964 3078 1048 3140 teste
1064 3075 1220 3141 Joechero
1241 3073 1321 3140 editi
1344 3077 1420 3138 sunt

263 3171 376 3238 Venet.
400 3192 427 3238 a.
454 3178 546 3256 1481,
569 3174 635 3238 Fol.
658 3174 737 3238 Ven.
764 3179 861 3252 1498,
883 3175 984 3254 Lugd.
1010 3179 1097 3238 1514.

326 3273 352 3336 Ε
373 3271 530 3338 librorum
552 3272 591 3337 de
606 3271 727 3338 Officiis
744 3273 913 3340 Francisco
936 3274 975 3339 de
990 3275 1143 3353 Gonzaga
1164 3272 1319 3338 cardinali
1335 3271 1420 3338 dica-

264 3377 371 3436 torum
398 3372 600 3452 praefatione
621 3373 789 3456 sequentia
810 3373 981 3454 desumpta
1003 3377 1094 3450 sunt,
1123 3392 1205 3453 quae
1227 3373 1354 3438 Marsus
1378 3374 1419 3438 ad

264 3489 336 3535 enm
358 3471 470 3536 scribit
492 3476 526 3536 et
547 3472 804 3538 manifestissime
826 3491 889 3537 non
911 3474 1003 3538 modo
1024 3473 1181 3556 indicant,
1204 3474 1317 3554 quanti
1331 3473 1419 3540 Mee-

263 3571 385 3637 eenatis
408 3572 457 3636 sui
483 3571 627 3636 fauorem
649 3575 684 3636 et
712 3572 851 3652 gratiam
873 3572 1106 3653 aestimauerit,
1133 3573 1190 3638 sed
1212 3573 1323 3657 etiam,
1355 3590 1419 3654 qua

263 3689 362 3736 causa
388 3675 564 3736 commotus
591 3672 632 3735 ad
665 3671 724 3736 hos
754 3689 833 3751 quos
856 3672 948 3736 modo
976 3672 1040 3736 dixi
1072 3671 1171 3737 libros
1193 3673 1419 3738 Ciceronianos

262 3767 525 3850 interpretandos
555 3787 728 3850 aggressus
756 3770 807 3833 sit.
851 3771 939 3834 Haec
961 3770 1044 3834 enim
1066 3775 1142 3835 sunt
1163 3771 1231 3834 eius
1259 3772 1362 3836 uerba
1385 3773 1419 3856 [a

263 3865 374 3946 Baylio
397 3869 525 3952 allata]:
561 3867 628 3951 ,Na
654 3867 756 3949 igitur
784 3867 860 3951 otio,
889 3867 980 3949 'quod
1005 3872 1078 3949 post
1098 3869 1206 3932 uarios
1232 3868 1360 3934 labores
1375 3877 1417 3935 et

262 3965 425 4032 molestias
447 3968 507 4034 sub
529 3975 563 4034 te
585 3966 716 4033 tandem
732 3972 844 4034 nactus
860 3986 931 4032 sum
953 3972 986 4033 et
1000 3968 1113 4033 melius
1135 3986 1231 4050 quam
1254 3969 1331 4034 mihi
1353 3970 1415 4049 ipsi

262 4065 326 4128 iam
352 4064 494 4146 polliceri
515 4068 634 4145 audeo,
661 4067 831 4134 clementia
858 4073 916 4133 tua
938 4074 971 4133 et
997 4086 1150 4149 generoso
1178 4068 1282 4132 animo
1313 4069 1417 4134 fretus

262 4165 354 4228 abuti
379 4164 522 4242 uiderer,
550 4167 605 4230 diu
627 4168 828 4248 multumque
850 4167 990 4248 cogitaui
1012 4167 1089 4248 quid
1111 4166 1310 4248 potissimum
1338 4167 1416 4231 mihi

265 4281 337 4326 cum
369 4262 483 4328 decoro
506 4265 666 4343 agendum
692 4273 789 4350 esset,
819 4267 874 4347 qui
897 4267 937 4332 ab
966 4267 1098 4332 ineunte
1120 4269 1229 4332 aetate
1250 4267 1348 4330 sacris
1370 4267 1417 4329 in·
1454 4335 1458 4342 ,
1552 4280 1556 4288 ·

263 4361 385 4425 stitutis
408 4367 442 4426 et
463 4362 643 4430 cerimoniis
663 4365 811 4432 initiatus
832 4383 934 4434 essem
966 4372 999 4432 et
1021 4367 1177 4434 addictus.
1221 4364 1363 4430 'landem
1384 4365 1418 4428 id
