3370 5102
761 338 966 400 ..48-

281 501 380 584 elegi,
407 500 491 582 quod
520 518 610 565 meae
637 499 826 580 professioni
856 506 1049 580 congrueret
1076 505 1110 565 et
1137 500 1170 564 in
1198 517 1232 565 se
1263 499 1436 580 plurimum

280 603 459 666 honestatis
479 601 616 666 haberet
636 605 670 664 et
690 601 856 677 utilitatis,
887 599 1046 666 Ciceronis
1068 599 1183 676 officia,
1213 619 1238 664 s.
1264 598 1305 664 ad
1332 617 1435 681 usum,

281 701 494 766 cruditionem
505 701 690 781 cultumque
701 700 791 765 uitae
802 701 976 766 communis
987 700 1139 765 instituta
1152 699 1393 780 interpretari.“

343 801 410 864 Hos
432 818 559 880 quoque
580 799 825 865 commentarios
847 816 909 863 nou
931 799 1011 864 satis
1032 799 1161 864 limatos
1183 815 1253 864 asse
1274 799 1435 882 censebat,

281 905 320 964 ut
347 900 380 964 in
406 898 546 980 epistula
574 899 616 963 ad
638 897 834 979 Raphaelem
855 897 1000 962 Riarium
1027 899 1239 982 cardinalem,
1275 899 1317 964 ad
1342 916 1437 980 quem

281 999 419 1063 alteram
440 998 613 1062 editionem
627 997 728 1081 misit,
752 995 938 1062 confitetur:
962 997 1063 1080 ,Cum
1084 998 1117 1062 in
1138 998 1201 1062 illis
1222 998 1326 1064 multa
1346 999 1435 1064 iuue-

281 1098 390 1162 niliter
412 1116 449 1162 ac
464 1099 570 1161 minus
585 1115 682 1178 quam
705 1097 866 1163 decuisset
887 1097 1086 1162 considerate
1101 1098 1188 1163 dicta
1202 1115 1433 1181 cognoscerem,

282 1196 430 1262 celeritas
451 1215 588 1278 namque
617 1201 732 1277 partus
758 1195 875 1279 effecit,
908 1200 946 1261 ut
971 1215 1084 1261 manca
1116 1197 1255 1278 quodam
1279 1197 1372 1262 modo
1404 1203 1437 1263 et

280 1295 480 1361 haberentur
513 1301 546 1361 et
578 1297 714 1362 essent.“
770 1295 840 1360 Alio
872 1296 956 1360 loco:
999 1295 1074 1378 ,Ne
1106 1297 1208 1377 igitur
1240 1298 1319 1380 otio,
1351 1297 1435 1378 quod

280 1395 464 1475 benignitas
478 1400 537 1460 tua
551 1395 629 1460 mihi
644 1395 809 1472 concessit,
825 1395 987 1472 abuterer,
1002 1396 1035 1462 id
1049 1396 1185 1472 tentam,
1201 1395 1285 1477 quod
1297 1396 1436 1460 eminen-

277 1493 438 1558 tissimum
454 1493 651 1559 celsitudinis
673 1500 750 1560 tuae
771 1496 937 1576 ingenium
959 1501 992 1561 et
1013 1513 1113 1577 supra
1127 1500 1268 1561 aetatem
1290 1495 1323 1560 in
1338 1496 1436 1562 rebus

280 1593 425 1658 omnibus
446 1594 602 1660 iudicium
625 1593 865 1676 efflagitabant;
888 1595 1078 1672 utilitatem,
1102 1595 1127 1658 si
1150 1596 1309 1676 quaeerit
1329 1595 1363 1659 in
1384 1595 1434 1661 his

280 1692 369 1757 Petri
379 1692 479 1757 Marsi
491 1693 615 1758 clientis
627 1694 677 1757 tui
685 1694 961 1777 commentariolis,
974 1693 1176 1775 amplitudini
1187 1697 1265 1758 tuae
1273 1694 1436 1760 debebunt

281 1791 514 1869 adolescentes
549 1811 685 1872 quorum
716 1793 910 1858 institutioni
942 1797 976 1857 te
1007 1792 1172 1874 hortante,
1204 1797 1239 1856 te
1266 1792 1347 1858 duce
1377 1811 1435 1874 pro

279 1889 404 1954 uiribus
438 1891 670 1956 consulendum
702 1892 795 1956 duxi:
834 1892 919 1972 quod
951 1896 988 1956 ut
1020 1891 1193 1971 aliquando
1224 1909 1437 1972 consequerer

281 1989 384 2053 multa
417 1989 535 2072 deleui,
568 1990 671 2054 multa
704 1989 830 2067 addidi,
864 2007 947 2070 quae
975 2007 1014 2054 ex
1040 1989 1201 2054 uberrimo
1227 1989 1370 2054 Platonis
1402 1995 1435 2054 et

280 2087 462 2152 Aristotelis
494 2087 584 2153 fonte
617 2088 756 2154 deducta
783 2088 945 2154 Ciceronis
970 2089 1123 2154 maiestas
1150 2106 1321 2169 exposcere
1347 2089 1436 2154 uide·

279 2185 400 2250 batnr“
423 2187 590 2270 [Baylius].

341 2284 455 2350 Libros
469 2285 517 2350 ΠΙ
538 2285 712 2351 denatura
734 2285 881 2363 deorum,
903 2303 1041 2367 quorum
1056 2285 1276 2352 commentarii
1297 2285 1435 2368 primum

281 2385 438 2452 Venetiae
459 2403 487 2450 a.
513 2387 611 2468 1508,
644 2384 749 2449 denno
771 2385 918 2449 Basileae
941 2389 1034 2468 1544,
1062 2385 1209 2465 impressi
1229 2390 1306 2451 sunt
1332 2387 1435 2470 [prior

280 2485 379 2551 editio
403 2484 565 2550 Ludouico
586 2483 662 2566 XII,
695 2484 766 2565 regi
788 2484 966 2566 Gallorum,
999 2484 1107 2549 dicata
1132 2483 1204 2567 estl,
1236 2503 1299 2550 non
1325 2485 1430 2550 minus

281 2603 340 2666 pro
362 2601 399 2648 ra
421 2583 532 2648 diuina
553 2584 595 2649 ad
617 2583 919 2664 interpretationem
941 2583 1058 2648 electos
1080 2601 1150 2649 esse
1175 2584 1209 2647 in
1230 2582 1430 2664 praelatione

280 2685 437 2762 testatur;
459 2686 621 2764 postremo
637 2683 903 2748 commemorandi
920 2687 996 2746 sunt
1010 2684 1229 2748 commentarii
1242 2684 1276 2747 in
1291 2682 1429 2748 Terentii

279 2781 466 2864 comoedias,
486 2799 558 2847 cum
571 2782 664 2846 Pauli
671 2781 809 2846 Malleoli
822 2781 1083 2846 annotationibus
1093 2781 1302 2863 Argentorati
1311 2800 1339 2845 a.
1353 2783 1430 2844 1506

281 2881 470 2965 [secundum
490 2882 679 2947 Jeecberum
701 2881 810 2964 1503],
834 2881 938 2946 denuo
953 2881 1104 2962 Lugduni
1125 2884 1217 2958 1522,
1237 2880 1391 2962 impressi.

339 2981 509 3047 Orationes
521 2981 546 3064 ¹)
568 2985 602 3046 et
622 2981 847 3062 panegyricos,
870 2981 925 3062 qui
945 2979 1014 3045 fere
1029 2998 1138 3045 omnes
1159 2980 1201 3044 ad
1221 2997 1275 3044 res
1289 2979 1435 3045 ecclcsia-

288 3079 385 3145 sticas
404 3080 604 3162 pertineant,
637 3097 827 3145 enumerare
852 3080 1061 3162 supersedeo,
1093 3084 1201 3144 tamen
1232 3079 1293 3144 boc
1317 3079 1436 3143 addere

276 3179 385 3264 liceat,
408 3197 462 3245 eos
483 3198 546 3245 non
567 3179 657 3243 nihili
679 3179 866 3244 aestimatos
888 3197 971 3262 esse,
994 3179 1084 3244 ouius
1105 3178 1153 3244 rei
1175 3197 1247 3243 cum
1269 3178 1334 3242 alia
1355 3181 1432 3241 sunt

278 3278 465 3343 testimonia
486 3283 556 3343 tum
578 3277 659 3343 hacc
680 3277 816 3344 disticha
831 3279 994 3344 exstantia
1014 3279 1047 3341 in
1061 3277 1201 3342 editione
1215 3277 1323 3360 Marsi,
1346 3294 1429 3357 qnae

275 3376 353 3441 mibi
377 3381 508 3457 praesto
530 3376 610 3454 fuit,
633 3377 749 3458 quibus
765 3376 886 3459 „Poeta
900 3377 1055 3458 magister
1070 3374 1221 3457 Baptista
1235 3376 1430 3442 Mantuanus

277 3475 470 3540 carmelita“
493 3494 591 3540 unam
612 3494 652 3541 ex
673 3476 871 3541 orationibus
893 3476 962 3542 aius
984 3475 1173 3540 celebrauit:

523 3593 616 3646 Aurea
631 3605 675 3646 me
693 3591 789 3659 genuit
804 3591 880 3646 Petri
897 3590 1027 3646 facundia
1043 3591 1144 3647 Marsi:

523 3672 588 3728 Sum
604 3673 700 3741 breve,
718 3674 767 3730 scd
784 3688 902 3742 magnae
918 3673 1057 3742 religionis
1075 3687 1152 3741 opus.

523 3755 710 3824 Christigenas
727 3757 824 3824 lande,
841 3757 888 3825 qui
904 3771 959 3810 non
975 3757 1089 3811 timuere
1107 3769 1229 3810 cruorem

522 3838 649 3894 Fundere
665 3854 715 3907 pro
732 3839 830 3908 patriis
846 3838 954 3907 legibus
973 3844 1056 3905 atque
1073 3836 1134 3904 lide,

522 3919 619 3989 Regna
636 3927 703 3989 quot
720 3921 813 3976 amisit
829 3920 931 3976 Christi
947 3935 992 3974 res
1009 3919 1135 3988 publica,
1152 3923 1299 3988 postquam

523 4003 680 4071 Coeperunt
696 4003 783 4059 noemi
801 4002 969 4070 degenerare
986 4008 1088 4072 patres.

274 4138 461 4148 ——--

341 4213 363 4282 ¹)
380 4213 491 4268 Illarum
508 4229 550 4282 ea,
569 4229 639 4284 quae
652 4214 791 4284 Stephano
803 4215 936 4271 cardinali
948 4215 1147 4273 Mediolanensi
1164 4217 1257 4273 dicata
1275 4223 1325 4285 est,
1342 4217 1433 4286 prima

275 4302 318 4353 ast
334 4295 430 4351 habita
455 4296 575 4365 publica,
601 4301 866 4354 anteannum1483
892 4297 939 4367 [ci.
956 4299 1117 4368 catalogum
1138 4299 1429 4360 Hiberico-criticum

273 4377 458 4434 Romanamm
474 4379 622 4436 editionum
640 4380 744 4436 saeculi
759 4379 819 4448 XV,
835 4381 858 4449 1,
874 4380 942 4450 las]
