3370 5102
760 305 965 366 ...55-

292 461 407 530 niiites
428 465 527 547 nisit,
548 465 708 542 statuat,
731 461 775 529 ad
795 463 972 528 iannaonis
995 461 1145 546 tenpinrn
1167 461 1380 546 spoiiandnnr.
1412 463 1446 528 iri

292 559 373 645 [itii]
397 563 433 626 in
461 560 546 644 libna
566 561 726 626 harenosa
748 561 784 625 ob
805 561 996 642 inpietatem
1016 560 1213 626 harenarnrn
1235 561 1371 628 canaiis
1393 561 1444 626 oi-

290 661 358 724 rnti
372 665 456 724 sant.
481 659 563 725 Snnt
584 660 640 742 ani
661 659 699 725 de
709 659 818 742 nsisis
835 657 968 741 ponatis
990 657 1178 742 interdicant,
1201 659 1235 723 iri
1255 659 1337 743 [nii]
1360 661 1445 726 enirn

285 759 414 842 finitimi
435 759 689 837 Nasamonibus,
713 764 748 823 at
768 758 950 823 Herodotns
971 757 1092 842 [erod]
1112 758 1159 822 ait
1170 759 1194 841 ¹)
1218 759 1296 823 irati
1319 763 1443 837 austro,

288 859 373 940 qnod
398 879 431 923 eo
457 859 554 940 fiante
581 859 755 924 rnaainranr
782 860 913 941 fuerant
934 858 1034 938 passi
1054 858 1226 922 siccitatem
1257 862 1287 922 et
1314 860 1446 942 fragrant

289 957 445 1039 inaniora,
469 957 604 1040 sareptis
627 958 729 1022 araris
751 956 912 1022 adnersas
927 961 1056 1022 nentarn
1071 958 1210 1039 profecti
1223 961 1306 1035 sant,
1331 957 1388 1024 sed
1409 958 1444 1021 in

288 1056 449 1120 harenosa
470 1054 556 1138 libya
577 1056 621 1121 ad
634 1077 735 1122 nnana
753 1076 860 1120 onnes
883 1054 989 1120 deleti:
1011 1055 1100 1120 Haec
1121 1055 1275 1138 fabalosa
1296 1056 1443 1140 historia,

290 1155 377 1220 Nono
398 1155 629 1220 nasanonibns
655 1155 803 1238 finitimis
826 1154 940 1220 belian
967 1153 1143 1218 intniernnt
1130 1156 1320 1237 tonpiditat
1286 1178 1335 1222 e
1359 1178 1442 1234 aare

290 1255 374 1336 qnod
395 1260 465 1320 erat
490 1255 525 1319 in
553 1256 638 1319 ionis
660 1254 850 1319 Hammonis
873 1253 998 1336 tempto,
1027 1275 1048 1317 a
1070 1253 1185 1335 quibas
1207 1257 1353 1386 οωροναά
1373 1259 1445 1338 fne-

289 1392 366 1451 rnnt
393 1362 522 1468 snoiiat
510 1407 583 1468 iane
612 1387 698 1451 orani
718 1406 796 1468 οριο
825 1385 918 1450 etad
944 1385 1184 1450 internecionem
1206 1338 1299 1452 cdisi.

351 1485 451 1564 Quem
467 1486 553 1552 dicat
567 1487 607 1550 de
621 1484 728 1561 Psisis‚
743 1484 776 1548 id
792 1489 841 1548 est
853 1483 977 1566 Psyllis,
992 1485 1272 1568 interpretantem,
1287 1487 1402 1552 nescio

352 1585 394 1648 ad
415 1603 445 1648 v.
461 1589 520 1648 461
545 1585 625 1648 haec
646 1581 799 1648 exhibent
784 1587 839 1648 tur
859 1583 893 1648 in
914 1582 1084 1648 Beruensi:

351 1715 421 1779 Ant
454 1721 491 1779 at
525 1714 770 1798 Cassandrae]
800 1714 820 1778 f.
845 1714 947 1778 areb:
984 1713 1190 1780 Cassandrea
1220 1680 1447 1800 [Cassandria]

291 1814 365 1878 oiirn
379 1815 508 1898 potidra
530 1815 701 1880 dicebatur.
729 1814 765 1878 in
779 1813 966 1879 macedonia
986 1815 1051 1878 sita
1073 1819 1128 1880 est.
1149 1812 1358 1880 Cassandrus
1380 1813 1446 1880 idio

289 1915 390 1978 tennit
415 1914 594 1995 inperinrn,
624 1915 680 1996 qni
701 1935 722 1978 a
743 1914 815 1978 sais
837 1914 874 1978 ob
896 1913 1113 1978 arndeiitatern
1134 1919 1164 1978 et
1183 1913 1374 1979 anincratns
1396 1919 1444 1979 est

289 2017 318 2076 et
339 2011 443 2076 adiano
464 2013 564 2077 ninas
585 2013 619 2077 in
641 2017 759 2078 terrain
781 2011 940 2096 defossas.

352 2112 442 2175 Hanc
453 2111 620 2176 historiam
630 2112 665 2176 in
675 2111 822 2176 omnibus
834 2111 995 2176 codicibus
1006 2115 1173 2176 narratam
1184 2117 1251 2176 tam
1263 2115 1445 2193 suspectam

291 2229 355 2273 non
378 2229 462 2288 esse,
485 2229 580 2290 quam
602 2215 698 2291 putat
711 2210 854 2288 Ellisius‚
877 2210 953 2273 mihi
974 2228 1165 2291 persuasum
1187 2215 1249 2288 est,
1271 2229 1359 2294 nam,
1383 2211 1444 2276 etsi

290 2308 369 2371 dicit
401 2308 534 2390 [comm.
557 2327 588 2388 p.
613 2308 690 2390 139]
717 2325 780 2372 non
806 2312 972 2385 constare,
1005 2327 1069 2388 qua
1091 2313 1194 2372 morte
1215 2309 1266 2373 hic
1299 2309 1445 2391 perierit,

291 2411 378 2470 certe
399 2407 619 2470 testimonium
640 2410 748 2471 exstat
768 2407 856 2470 haud
878 2405 1025 2482 dubium,
1049 2423 1121 2470 eum
1143 2407 1176 2469 ui
1198 2411 1232 2470 et
1252 2425 1315 2470 non
1337 2407 1444 2471 minus

290 2506 467 2570 crudeliter
477 2506 654 2570 Periandro
669 2505 785 2569 obiisse
798 2505 831 2568 in
842 2503 926 2568 Plut.
944 2505 984 2569 de
999 2523 1071 2569 sera
1086 2521 1171 2568 num.
1188 2506 1274 2569 uind.
1288 2523 1356 2586 cap.
1369 2506 1444 2571 VII:

290 2607 399 2670 σκόπει
420 2609 480 2690 γάρ
503 2607 529 2670 et
549 2605 703 2682 Διονύσιος
724 2606 756 2670 ἐν
778 2607 861 2688 ἀρχῇ
887 2614 942 2688 τῆς
962 2605 1135 2688 τυραννίδος
1157 2605 1256 2670 ἔδωκε
1278 2605 1377 2690 δίκην,
1405 2607 1446 2683 ὡς

290 2706 386 2782 οὐδεὶς
416 2708 453 2770 dr
478 2703 637 2788 Ἑλλήνων
669 2706 742 2788 ᾤκει
763 2703 910 2786 Σικελίαν
936 2705 1106 2769 ἀνάστατον
1139 2705 1198 2769 ὑπδ
1225 2704 1446 2790 Καρχηδονίων

290 2805 470 2888 γενομένην,
501 2806 604 2887 ὥσπερ
632 2801 696 2867 οὐδ’
717 2801 931 2868 Ἀπολλωνίαν
958 2801 1022 2867 οὐδ’
1048 2801 1246 2887 Ἀνακτόριον
1275 2839 1313 2849 -·
1346 2805 1446 2886 ᾤκουν

290 2898 459 2984 Ἕλληνες,
486 2903 512 2964 εί
536 2901 721 2984 Περίανδρος
748 2901 909 2984 ἐκολάσθη
931 2904 972 2984 μὴ
999 2904 1075 2984 μετὰ
1102 2903 1199 2966 πολὺν
1221 2903 1342 2985 χρόνον·
1366 2902 1447 2986 οἶμαι

291 2999 325 3063 δὲ
346 3001 398 3062 καί
418 2998 611 3082 Κασσάνδρῳ
633 2999 779 3082 γενέσθαι
805 3008 859 3081 της
881 2999 966 3083 δίκης
993 2999 1157 3085 ἀναβολὴν,
1184 3002 1267 3074 ὅπως
1295 3000 1326 3063 αί
1347 2998 1447 3085 Θῆβαι

291 3107 490 3162 συνοικῶνται
510 3097 611 3162 πάλιν.

354 3195 395 3258 ad
407 3213 435 3258 ν.
446 3198 507 3258 463
519 3195 588 3258 Ant
602 3199 638 3258 nt
648 3193 849 3259 Abantiades
862 3243 868 3258 .
883 3243 889 3258 .
903 3195 935 3277 .·]
948 3195 969 3258 f.
982 3194 1083 3258 279b:
1097 3195 1153 3276 qni
1163 3194 1201 3260 de
1210 3197 1313 3277 fratre
1323 3196 1448 3260 Acrisii

291 3293 480 3376 intelligant,
509 3299 537 3358 et
566 3315 679 3358 nerano
707 3295 856 3377 iqnorant
876 3294 1043 3358 nistoriarn
1065 3299 1094 3358 et
1113 3315 1223 3358 nerarn
1242 3300 1355 3376 poetae
1376 3315 1447 3358 sen-

292 3393 422 3456 tentiarn
443 3413 507 3456 non
521 3393 723 3475 percipiant:
744 3393 884 3474 ioqnitnr
899 3395 980 3458 enirn
995 3393 1124 3458 onidias
1145 3393 1182 3457 de
1199 3392 1250 3456 iis
1264 3391 1370 3476 ffiiisj,
1395 3395 1450 3474 qni

292 3492 432 3574 infantes
461 3493 496 3555 in
516 3511 634 3556 arnam
656 3492 760 3556 oiansi
786 3495 919 3574 faernnt
933 3493 1070 3573 proiecti
1089 3494 1125 3555 in
1145 3513 1245 3568 rnare,
1281 3492 1365 3572 qaod
1385 3513 1448 3556 non

293 3591 420 3672 conticit
445 3591 546 3673 fratri
567 3591 690 3668 acrisii,
722 3591 779 3654 sed
801 3611 928 3672 perseo,
954 3593 1009 3673 qai
1029 3613 1097 3656 nna
1119 3611 1189 3655 ann
1219 3589 1323 3654 danae
1344 3597 1443 3654 raatre

292 3691 326 3752 in
347 3711 465 3754 nrnarn
493 3683 606 3755 σίουὲα
627 3690 724 3754 andis
747 3691 911 3771 annositas
939 3691 1019 3772 fait;
1042 3710 1179 3772 persons
1207 3694 1325 3753 anteni'
1340 3689 1444 3754 dietas

292 3793 339 3850 est
360 3789 560 3854 Abantiades
580 3789 642 3872 [ab
664 3788 835 3872 antiades]
856 3787 908 3852 Ab
931 3789 1058 3867 abana,
1080 3788 1164 3852 ande
1186 3793 1255 3852 erat
1277 3787 1447 3852 orinndns.

293 3886 377 3950 iden
407 3889 442 3950 in
473 3888 717 3971 netaarrornicosi
751 3887 832 3971 [1v‚
866 3886 959 3969 765]:
1004 3887 1202 3968 „Moresane
1240 3885 1445 3966 habitantque

295 3983 396 4048 cotani
418 3989 542 4064 qaaerit
557 3987 772 4065 Abantiades,
795 3987 816 4050 i.
828 3991 996 4069 nerseas.“
1031 3985 1204 4052 Videamus
1226 3985 1303 4066 quid
1323 3984 1446 4049 habeat

297 4083 384 4148 Gai:
420 4082 537 4148 Pretas
558 4089 592 4168 fi.
617 4087 760 4152 Abantis
791 4087 894 4168 frater
916 4085 1051 4163 Acrisii,
1086 4105 1177 4166 qaern
1206 4083 1345 4149 Perseus
1369 4103 1445 4166 per-

296 4188 432 4264 crnptnrn
452 4183 486 4246 in
507 4186 592 4248 anari
605 4185 825 4267 anconitana,
861 4187 938 4269 qnia
960 4185 1129 4250 Aerisinrn
1150 4207 1171 4248 a
1191 4205 1285 4268 roano
1307 4184 1447 4248 eiecerat.

297 4279 416 4344 Similia
438 4281 462 4346 C
484 4285 518 4346 et
539 4281 627 4358 Ask.‚
649 4302 728 4363 quos
749 4283 864 4366 respici
886 4285 956 4350 luce
978 4285 1095 4352 clarius
1119 4289 1176 4349 est.

363 4413 382 4480 ν
401 4385 502 4470 Haec.
519 4413 566 4482 ιν,
586 4416 641 4469 rra.
