3370 5102
733 335 940 412 ’.42-

260 514 343 590 tis“;
378 511 461 577 hanc
485 530 613 594 quoque
634 510 736 576 Ellisii
758 511 936 592 opinionem
958 507 1071 592 probo,
1104 497 1220 574 uersus
1240 509 1415 574 maximam

258 615 385 692 partem
398 615 401 622 '
414 610 454 675 ab
485 610 597 676 eodem
618 608 768 674 confictos
796 627 864 674 esse
886 609 1003 691 uideri,
1036 627 1111 672 nam
1134 627 1197 672 666
1219 608 1311 673 ruodo
1345 613 1411 674 tam
1434 595 1437 602 ’

259 709 336 774 61116
357 715 390 774 61
411 708 532 772 1666166
553 709 586 772 16
607 709 645 772 116
667 707 891 788 proferuntur,
914 713 951 772 61
966 727 1004 771 ex
1020 725 1091 772 mea
1113 707 1240 789 quidem
1255 709 1416 772 sententia

258 809 353 873 unius
374 809 514 873 auctoris
535 807 694 872 stultitiae
716 807 896 872 debeantur
918 807 1009 890 [satis
1032 811 1094 883 est,
1117 807 1212 872 schol.
1236 806 1277 870 ad
1299 825 1328 870 ι.
1352 811 1410 870 285

259 906 501 989 commonuisse]
529 907 661 988 eiusque
690 906 841 983 hominis,
871 906 925 986 qui
953 905 986 970 in
1009 905 1130 986 Pegaso
1158 905 1270 970 sedere
1300 905 1416 970 solitus

258 1026 322 1070 non
345 1009 401 1084 sit,
423 1006 480 1072 sed
503 1006 600 1070 etiarn
622 1009 800 1086 paupertas
821 1005 976 1069 sermonis
997 1010 1063 1069 tarn
1086 1004 1259 1084 conspicua
1281 1009 1347 1080 est,
1378 1010 1416 1068 ut

259 1125 322 1170 non
345 1105 433 1168 nulla
455 1105 567 1170 iisdem
589 1104 697 1169 uerbis
718 1104 895 1181 iterentur,
918 1103 1034 1184 quihus
1056 1103 1225 1178 Ι6111616616
1248 1103 1414 1180 dicuntur3

259 1205 344 1287 quod
365 1205 485 1286 optime
507 1224 545 1268 ex
566 1205 605 1267 iis
627 1203 753 1268 scholiis
774 1203 948 1283 percipias,
977 1190 1093 1283 quihus
1115 1207 1284 1277 narratur,
1315 1219 1416 1282 quare

257 1304 309 1370 hic
348 1305 401 1368 1116
432 1308 565 1370 necatus
597 1321 667 1368 6666
698 1302 750 1366 661
789 1302 922 1382 periisse
954 1301 1101 1380 fingitur:
1145 1299 1182 1366 cf.
1216 1301 1258 1364 ad
1290 1320 1317 1364 v.
1356 1305 1415 1364 285

258 1404 400 1484 alnoque
423 1403 620 1485 6616611616
643 1421 746 1466 caasa
773 1404 863 1484 foere
884 1401 984 1478 116616·
1016 1399 1058 1464 ad
1085 1404 1144 1463 281
1174 1401 1286 1463 uinum
1315 1421 1415 1464 66666

257 1504 332 1586 soii,
356 1503 515 1586 caputius
532 1523 604 1566 caca
620 1501 731 1579 datam
753 1501 795 1564 ad
817 1503 876 1563 293
893 1498 1414 1579 861666666661611166161611666

257 1603 347 1684 suere
369 1603 470 1680 accim
503 1606 562 1664 307
585 1601 692 1682 Atque
713 1599 821 1664 eodem
841 1601 927 1662 uitae
949 1619 1050 1662 cuasa
1071 1599 1219 1678 accisque
1246 1599 1323 1680 futh
1352 1603 1412 1660 310

260 1701 374 1764 coniux
406 1705 434 1764 61
462 1701 700 1764 consummatis
728 1705 858 1780 aterque
889 1699 968 1780 fail5
1002 1702 1061 1761 335
1089 1697 1190 1762 alteru
1218 1719 1320 1762 cuasa
1349 1699 1413 1780 fail

259 1798 404 1863 1116661166
426 1803 455 1862 61
476 1797 556 1863 alica
577 1819 654 1880 opas
676 1797 773 1882 [6161]Ι
811 1797 875 1862 Sed
896 1796 954 1861 hoc
975 1796 1081 1862 nescio
1104 1815 1144 1861 an
1167 1797 1209 1861 sit
1230 1795 1412 1860 feruidioris

259 1898 394 1980 ingenii,
421 1897 521 1980 quod,
549 1899 603 1961 uhi
626 1899 666 1962 de
692 1895 893 1963 decernenda
915 1899 1023 1961 aetate
1048 1895 1238 1960 scholiastae
1260 1895 1414 1977 disputat,

260 1997 362 2062 uerba
387 1997 442 2080 [ad
464 2015 492 2060 v.
518 1997 590 2079 273]
625 1997 705 2060 Tum
730 1995 812 2060 61616
844 1997 900 2077 pati
925 1999 1048 2077 peccat,
1080 2017 1137 2060 acc
1169 1995 1247 2059 deas
1280 2000 1327 2058 661
1358 2015 1415 2059 666

259 2097 349 2160 homo
381 2096 423 2160 ad
455 2095 708 2161 controuersiam
730 2095 988 2162 Christianorum
1014 2093 1054 2159 de
1079 2099 1200 2159 natura
1221 2093 1340 2159 Christi
1363 2111 1415 2158 16-

261 2195 397 2262 ferenda
418 2213 487 2260 esee
509 2195 682 2260 contendit.

379 2539 414 2608 6.
450 2535 511 2606 DE
534 2535 706 2606 conred
729 2533 971 2606 BERNENSI
993 2531 1190 2606 INEDITO
1215 2531 1296 2616 5163

812 2651 863 2706 Du

261 2759 423 2830 furno
452 2759 616 2830 MARSO
646 2757 935 2832 HUMANISTA
963 2753 1412 2829 cuhlclsnncrortu.

322 2975 414 3054 Quod
435 2975 530 3039 huius
552 2974 666 3055 capitis
688 2979 832 3039 extreme
864 2978 959 3054 parte
981 2973 1057 3038 mihi
1087 2973 1212 3055 plenius
1242 2975 1281 3038 de
1309 2973 1416 3038 codice

261 3075 400 3155 quodam
421 3073 484 3139 huc
505 3093 607 3154 usque
629 3073 750 3137 inedito
773 3091 870 3158 agere
890 3073 1059 3152 proposui,
1091 3079 1265 3154 propterea
1295 3071 1417 3138 iactum

263 3178 313 3239 est
335 3180 373 3238 61
395 3192 431 3238 66
454 3192 524 3238 cum
548 3173 617 3238 aliis
640 3177 825 3252 comparato
854 3171 982 3253 planius
1004 3173 1148 3253 quamsi
1170 3173 1210 3236 de
1235 3172 1285 3236 his
1306 3171 1417 3236 multis

262 3272 371 3336 uerbis
393 3271 593 3352 disputarem
614 3263 726 3337 uideas
749 3272 834 3354 quod
859 3273 975 3336 horum
1001 3289 1102 3353 genus
1130 3272 1188 3354 sit,
1216 3271 1300 3352 quod
1322 3270 1416 3346 illiue,

262 3371 401 3436 codicem
426 3370 496 3436 dico
517 3371 714 3436 Beruensem
740 3389 873 3436 numero
902 3375 962 3436 516
993 3371 1169 3454 signatum,
1203 3389 1312 3451 quem,
1345 3387 1416 3434 cum

261 3470 338 3535 mihi
352 3471 385 3534 in
400 3471 592 3538 bibliotheca
607 3471 702 3536 huius
717 3472 806 3536 urhis
822 3475 952 3551 praesto
967 3471 1081 3546 fuerit,
1104 3471 1260 3551 inspicere
1281 3469 1417 3550 ideoque

262 3589 333 3636 curn
348 3570 419 3634 aliis
435 3569 582 3635 conferre
597 3570 741 3650 contigit.
769 3571 835 3634 Iste
850 3569 949 3634 codex
964 3569 1173 3636 antecedente
1188 3568 1416 3649 Porphyrionis

262 3675 438 3735 6616166616
460 3669 494 3734 16
509 3669 679 3734 Horatium
702 3673 735 3734 et
748 3669 882 3734 heronis
900 3669 1019 3735 scholia
1040 3674 1199 3752 perpetua
1221 3668 1321 3732 hehet
1342 3667 1417 3732 inde

192 3851 195 3858 ,
263 3789 282 3833 a
303 3767 355 3833 fol.
373 3773 461 3834 2626
476 3786 577 3848 usque
593 3768 635 3833 ad
648 3767 700 3834 161.
718 3773 806 3834 2896
821 3789 892 3835 6616
906 3769 967 3834 1166
982 3768 1232 3848 subscriptione:
1255 3765 1417 3832 PETRUS

262 3865 430 3932 MARSUS
468 3867 656 3932 VITERBII
691 3866 874 3934 SCRIPSIT
917 3867 1041 3933 BONIS
1082 3865 1236 3932 AJIIBUS
1279 3863 1417 3930 XYSTO

262 3965 485 4032 PONTIFIGE
508 3967 754 4031 IMPERANTE
774 3966 890 4035 ANNO
912 3965 1085 4032 SALUTIS
1110 3968 1199 4030 1472.
1235 3963 1296 4028 Est
1317 3961 1418 4041 igitur

263 4067 403 4147 scriptus
432 4073 506 4148 post
535 4072 685 4132 renatum
716 4068 883 4132 literarum
907 4066 1113 4145 antiquarum
1143 4063 1285 4128 studium
1305 4062 1417 4126 huma·

264 4167 368 4232 nistae
383 4185 411 4247 q.
426 4167 458 4232 d.
473 4186 587 4245 manu,
610 4167 649 4230 de
666 4186 728 4247 quo
744 4171 781 4230 ut
797 4166 901 4230 adhuc
915 4165 1020 4230 611666
1036 4169 1112 4228 6616
1133 4163 1236 4228 166166
1251 4162 1417 4242 disputare

263 4265 394 4332 16111116
416 4266 521 4332 animo
544 4271 609 4350 661,
632 4265 824 4347 praesertim
846 4283 917 4329 6661
939 4262 1163 4345 compererim,
1186 4281 1258 4328 eum
1281 4259 1415 4328 aliorum

266 4385 392 4450 quoque
415 4366 714 4434 commentariorum
737 4370 901 4436 auctorem
922 4364 1091 4432 exstitisse.
