3370 5102
715 331 919 392 ...21-

303 490 367 556 Sed
393 489 470 556 mihi
498 509 562 556 non
592 495 643 556 est
671 492 704 558 in
732 491 846 568 animo
883 491 975 558 Vind.
1003 492 1187 576 defendere,
1216 494 1300 576 quod
1332 513 1394 558 non

245 607 388 672 possum,
421 589 478 656 sed
506 588 659 674 probare,
691 591 816 674 quoties
844 609 902 672 per
929 597 1032 658 totam
1060 591 1131 656 Ibin
1160 592 1256 658 huius
1278 593 1393 658 codicis

239 689 419 770 scripturae
444 706 514 754 cum
536 688 696 754 llllisianis
717 690 853 756 collatae
886 689 1010 774 [paucis
1042 691 1117 760 locis
1139 692 1293 778 exceptis]
1327 697 1394 757 tam

241 805 372 869 prauae.
402 787 480 871 sint,
521 792 559 852 ut
591 789 630 853 de
661 789 862 870 praestantia
893 790 937 856 lV
968 789 1110 856 codicum
1147 790 1296 858 dubitare
1331 811 1392 858 non

243 904 355 985 possis.

324 1002 353 1052 v.
377 988 425 1050 24.
468 986 529 1066 Qui
550 990 677 1054 nostras
698 988 810 1069 inopes
830 987 931 1052 iioluit
952 1006 1022 1054 esse
1044 989 1115 1054 uias

241 1085 310 1151 Gal.
334 1090 367 1150 et
388 1085 472 1152 altor
492 1085 584 1152 Polit.
605 1107 669 1152 nou
689 1088 777 1165 sinit,
810 1087 889 1152 Phil.
920 1093 952 1153 et
981 1087 1056 1152 Tur.
1086 1087 1187 1154 uoluit
1218 1089 1384 1171 praebent.

238 1184 345 1250 Vind.:
372 1184 434 1266 Qut
452 1189 583 1252 nostrus
603 1184 716 1252 metm
736 1187 858 1268 inopes,
883 1186 967 1267 quod
988 1205 1085 1252 sensu
1107 1194 1205 1253 caret.

321 1303 350 1350 v,
374 1288 422 1350 52.
466 1285 574 1368 Teque
595 1285 687 1358 breui
711 1287 766 1368 qui
787 1287 835 1352 sis
858 1285 1059 1352 dissimulare
1083 1288 1187 1354 sinam

239 1384 287 1449 sis
309 1403 416 1450 omnes
438 1385 504 1450 eod.
527 1385 609 1469 [nisi
630 1385 714 1467 quod
737 1390 801 1451 uet,
824 1386 975 1467 permulti
998 1387 1071 1468 quis
1093 1387 1141 1452 sis
1144 1387 1180 1470 ],
1211 1387 1295 1453 Vind
1319 1391 1392 1472 puis

242 1504 313 1549 sim.

323 1604 352 1649 v.
376 1587 424 1650 76.
439 1635 445 1649 .
460 1634 487 1650 ..
510 1585 622 1667 pollice
643 1586 724 1651 netis
746 1603 826 1666 opus

242 1687 323 1752 netis
346 1685 436 1770 Tur,
463 1685 561 1752 uectis
585 1685 667 1770 Gal,
697 1685 791 1763 Phil,
819 1685 906 1768 Pan,
936 1685 1022 1766 quod
1051 1686 1092 1752 ad
1119 1705 1233 1754 uerum
1260 1687 1392 1769 propius

241 1787 363 1854 aceedit
383 1804 479 1868 quam
500 1786 594 1852 acuit
613 1785 647 1850 in
668 1785 761 1852 Vind.

322 1905 350 1950 v.
374 1891 423 1952 85.
468 1886 619 1952 Carmina
641 1886 718 1952 dum
739 1885 836 1968 capiti
857 1883 939 1950 mole
958 1885 1023 1968 pido
1046 1885 1118 1950 dira
1139 1891 1301 1954 canuntur

241 1985 320 2052 mule
345 1987 410 2070 fido
438 1985 599 2070 [malefido
622 1985 705 2068 Gal]
735 1985 877 2066 plurimi,
909 1984 956 2050 oil
981 1984 1047 2070 ficio
1069 1983 1188 2070 Vind.,
1221 1987 1306 2068 quod
1336 2007 1394 2070 per

240 2086 377 2167 glossam
416 2089 454 2150 ut
493 2085 653 2168 explicans
685 2085 842 2150 difficilius
874 2084 955 2150 male
993 2085 1026 2148 in
1061 2089 1187 2150 textum
1224 2085 1393 2168 irrepsisse

239 2191 351 2348 paeea·
375 2288 443 2350 135.
486 2283 681 2366 Pugnabunt
702 2302 779 2348 arcu
802 2284 878 2348 dum
900 2282 1055 2360 Thraces,
1079 2283 1219 2367 Jazypes
1241 2283 1336 2348 hasta

242 2385 290 2450 ita
310 2385 412 2450 nostri
434 2384 515 2468 [nisi
536 2384 621 2466 quod
640 2384 762 2468 iopipcs
784 2383 874 2460 Tun,
901 2382 1029 2464 lapides
1052 2381 1138 2466 Gal,
1167 2381 1257 2465 Pan,
1279 2383 1391 2464 ypidcs

241 2484 350 2568 Phil.]‚
373 2489 542 2566 praeterea
555 2483 646 2568 Asin,
662 2483 791 2560 Moret,
808 2483 944 2560 Bersm.‚
962 2482 1038 2562 Rog.
1051 2482 1140 2564 Pan,
1164 2482 1232 2546 Pet.
1249 2482 1394 2564 membr,

239 2587 316 2666 Bag.
331 2584 445 2663 chart,
461 2585 515 2652 alii
529 2583 701 2668 (Harpyis
716 2583 801 2648 solus
817 2582 967 2666 Herculi
981 2619 1023 2629 -
1039 2581 1147 2647 Vind.:
1163 2587 1267 2648 traces
1283 2587 1394 2648 tuscus

238 2691 267 2752 et
285 2685 397 2752 hosta!

319 2804 348 2851 v.
375 2791 441 2851 141.
485 2785 567 2850 Cum
589 2783 681 2848 fuero
703 2773 822 2849 uacua's
845 2783 993 2865 dilapsus
1015 2783 1048 2847 in
1071 2783 1175 2848 undas

238 2886 387 2970 dilapsus
403 2904 511 2952 omnes
524 2885 570 2951 IV
592 2885 666 2970 [nisi
680 2885 767 2966 quod
789 2884 942 2966 delapsus
958 2882 1052 2966 Gall,
1076 2883 1164 2967 Ask.‚
1186 2883 1265 2964 Reg.
1282 2882 1393 2964 chart,

238 2987 370 3072 Moret.‚
393 2987 497 3052 Berol.
521 2986 623 3052 chart.
646 3022 686 3034 -
709 2985 846 3066 dilapsis
869 2983 962 3049 Vind.

320 3104 349 3152 v.
375 3090 443 3152 173.
486 3087 523 3152 in
544 3087 613 3151 loca
632 3077 675 3150 ab
699 3085 814 3166 Elysiis
836 3084 966 3148 diuersa
985 3083 1138 3166 fopuhcrc
1160 3083 1280 3164 campis

238 3188 389 3272 fupoberc
409 3204 517 3252 omnes
539 3185 622 3270 [Gal.
640 3189 674 3249 et
688 3184 767 3250 Mor.
782 3182 959 3267 occubere}
974 3220 1015 3230 -
1030 3182 1125 3248 Vind.
1142 3183 1248 3266 campi
1262 3183 1394 3250 diuersa

240 3290 363 3372 scopare.

322 3405 351 3454 v.
376 3390 444 3452 189.
488 3387 524 3450 ln
546 3390 580 3451 te
601 3385 1065 3450 transscrihet....tormenta

241 3488 326 3553 solus
348 3487 441 3552 Vind.
457 3485 699 3562 transsambrini,
718 3483 890 3566 quodcum
911 3484 953 3550 ad
968 3484 1097 3550 Aeacos
1122 3483 1327 3550 referendum
1342 3483 1394 3566 sit,

242 3587 358 3654 falsum
380 3591 438 3652 est

327 3705 356 3752 v,
380 3690 450 3752 200.
493 3685 622 3764 Quotue
643 3685 728 3750 ferat
750 3685 852 3750 dicam
873 3689 963 3750 terra
987 3682 1106 3748 Cilissa
1128 3701 1235 3750 crocos

245 3786 363 3853 (ithaca
384 3786 469 3866 Gal,
498 3785 584 3871 Tun,
608 3785 691 3863 Pan,
713 3786 873 3864 Incertus;
900 3783 980 3868 „alii
999 3783 1070 3867 alia,
1096 3783 1188 3848 multi
1211 3783 1354 3863 proxime
1376 3803 1395 3850 a

241 3906 321 3954 uero
344 3886 484 3972 [Merlr.]‚
507 3885 563 3951 sed
583 3884 677 3952 Vind.
699 3884 826 3968 falisco.

326 4005 356 4051 v.
379 3990 448 4052 202.
493 3985 598 4065 Quam
619 3984 722 4049 multa
740 3985 799 4067 tot
820 3983 977 4065 grandine
999 4000 1096 4050 canus
1118 3983 1219 4048 Athos

244 4089 299 4171 fiet
319 4087 405 4154 solus
426 4085 520 4158 Vind.
1162 4125 1165 4130 ·

323 4206 351 4251 v.
377 4189 447 4252 227.
492 4185 691 4268 Pectoraque
711 4189 872 4251 occasioni
895 4182 1038 4250 Erebeae
1059 4182 1133 4248 lelle
1154 4181 1304 4250 colubrae

242 4293 404 4354 auserunt
430 4287 496 4372 [uel
517 4287 657 4352 'iaciunt
676 4285 763 4368 Pan]
786 4301 895 4350 omnes
917 4301 1071 4351 consensu
1093 4282 1213 4348 hahere
1234 4283 1395 4366 uidentur,

242 4387 336 4453 Vind.
363 4389 543 4463 iciunum,
568 4385 653 4466 quod
675 4385 768 4452 stulti
788 4383 911 4450 librarii
933 4383 1150 4450 testimonium
1172 4387 1230 4450 est.
