3370 5102
750 401 960 462 ...51-

279 564 391 645 tigerit
412 565 649 638 demonstrare,
678 561 763 642 quod
784 561 861 624 mihi
889 561 940 626 his
962 561 1112 626 extremis
1145 561 1271 642 paginis
1293 564 1431 644 probare

276 665 310 729 in
332 667 436 730 animo
458 669 522 746 cst,
544 679 663 742 operae
683 679 734 724 me
754 660 894 741 pretium
917 659 1104 724 habiturum
1126 661 1248 728 confido
1262 663 1295 745 ¹).

338 765 381 832 Et
403 764 429 846 si
451 761 585 842 scholia,
619 777 702 841 quae
730 758 763 823 in
786 758 855 824 eius
876 758 1111 826 commentariis
1133 761 1350 840 continentur,
1383 763 1429 826 in-

278 862 434 942 spexeris,
465 879 537 926 mox
559 857 617 923 tibi
639 877 750 924 eorum
771 857 911 939 pretium
934 857 1116 923 aestimanti
1137 859 1363 943 persuadebis,
1393 879 1432 926 es

278 961 319 1026 ab
342 961 412 1026 aliis
435 960 530 1042 plane
552 959 681 1024 diuersa
704 975 787 1034 esse;
810 975 873 1022 non
895 956 996 1021 solum
1020 956 1104 1022 enim
1125 956 1267 1041 uidebis,
1298 958 1431 1024 Petrum

279 1060 422 1126 Marsum
444 1061 477 1124 in
499 1061 647 1124 ueterum
668 1055 796 1136 scriptis
819 1062 852 1120 et
874 1055 1006 1136 poeticis
1028 1059 1060 1120 et
1081 1056 1236 1136 prosaicis
1257 1057 1372 1124 mirum
1400 1059 1433 1122 in

278 1158 409 1224 modum
429 1162 596 1224 uersatum
618 1154 716 1221 luisse
737 1155 843 1220 uirum
866 1154 1010 1232 doctum,
1041 1153 1097 1220 sed
1120 1155 1217 1221 etiam
1239 1156 1427 1224 scholiorum

279 1245 429 1334 formam,
453 1275 517 1338 qua
539 1258 692 1336 concepta
713 1260 802 1336 sunt,
825 1254 1007 1318 conminus
1029 1253 1125 1320 aliam
1139 1272 1222 1334 esse;
1246 1253 1302 1320 sed
1317 1257 1432 1342 obiter,

279 1358 468 1438 priusquam
489 1356 530 1422 de
543 1354 593 1420 his
613 1352 692 1436 ipsis
708 1371 818 1436 agam,
841 1371 941 1418 unum
962 1353 1226 1434 praetermittere
1240 1354 1322 1432 nolo,
1344 1356 1433 1422 scho-

277 1455 393 1522 liorum
415 1455 515 1537 enim,
538 1452 647 1534 qualia
667 1453 699 1518 in
721 1453 784 1518 istc
807 1452 914 1518 codice
927 1452 1084 1518 Beruensi
1100 1456 1245 1530 exstant,
1265 1453 1433 1520 librarium

278 1555 383 1636 ipsum
397 1553 530 1618 Petrum
544 1552 689 1616 Marsum
705 1551 782 1616 mihi
803 1570 866 1616 non
883 1570 952 1616 esse
966 1551 1086 1634 uideri,
1109 1551 1166 1616 sed
1181 1569 1250 1620 esse
1272 1552 1435 1634 descripta

279 1673 318 1717 ex
340 1653 408 1718 eius
429 1651 525 1730 libro,
551 1651 611 1726 ita,
633 1655 671 1714 ut
692 1651 762 1714 eius
783 1650 991 1730 subscriptio,
1022 1669 1118 1730 quam
1140 1649 1264 1734 addidi,
1287 1669 1354 1716 unu
1378 1653 1433 1719 de-

278 1751 490 1817 scriberetur:
512 1749 695 1814 testimonia
709 1748 786 1812 mihi
799 1747 894 1812 huius
910 1748 1096 1830 suspicionis
1111 1749 1290 1830 complures
1304 1769 1430 1817 errores

279 1856 355 1916 sunt
386 1849 484 1927 tales,
517 1849 629 1930 quales
657 1847 716 1912 nisi
750 1848 782 1912 in
812 1847 1021 1913 describendo
1043 1847 1130 1913 nasci
1150 1861 1215 1912 non
1244 1848 1362 1927 solent,
1397 1855 1435 1915 ut

279 1951 381 2015 uerba
394 1949 443 2014 bis
459 1949 588 2030 scripta,
602 1946 685 2012 falso
700 1951 862 2028 separata,
878 1946 992 2012 deinde
1006 1947 1142 2012 lacunae
1157 1947 1254 2029 spatii
1270 1949 1435 2014 uacuitate

279 2049 381 2130 primo
413 2048 542 2114 obtuitu
573 2045 762 2126 conspicuae
788 2051 821 2110 et
851 2045 1027 2126 compluria
1058 2044 1160 2110 uerba
1189 2045 1435 2128 complectentes

279 2147 331 2213 fol.
350 2147 438 2212 263h
461 2152 494 2211 et
509 2150 575 2210 ’266
598 2164 619 2209 a
640 2151 674 2210 et
695 2145 725 2210 b.

342 2245 393 2312 Ad,
413 2245 528 2310 horum
542 2243 732 2308 scholiorum
754 2261 856 2322 genus
868 2244 1122 2323 cognoscendum
1143 2244 1202 2310 hoc
1217 2244 1297 2311 satis
1314 2244 1435 2310 dictum

281 2361 351 2409 esse
366 2342 506 2418 uidetur,
522 2341 607 2422 quod
621 2357 774 2404 uersuum
788 2340 884 2420 plane
898 2339 1086 2405 ficticiorum
1102 2341 1171 2407 lere
1185 2344 1331 2423 expertia
1345 2348 1435 2422 sunt;

282 2439 432 2522 equidem
451 2439 486 2504 in
507 2444 600 2504 tanto
614 2457 747 2504 numero
769 2438 974 2517 scholiorum,
997 2458 1079 2520 quae
1099 2441 1176 2506 inde
1196 2442 1322 2507 edenda
1343 2443 1434 2524 elegi,

281 2557 381 2604 unum
401 2538 524 2622 inueni,
547 2537 597 2604 cui
619 2537 685 2602 tale
707 2537 783 2618 quid
804 2537 897 2622 insit,
918 2538 951 2601 in
973 2540 1159 2605 narratione
1179 2539 1257 2606 licta
1270 2541 1311 2606 de
1325 2540 1434 2608 Uelino

281 2643 314 2705 et
336 2637 481 2722 Statilio,
504 2637 558 2704 ubi
580 2636 660 2702 haec
681 2636 848 2718 leguntur:

344 2739 385 2804 ad
414 2757 441 2805 v.
467 2743 525 2804 295
559 2743 616 2804 aul
646 2743 681 2804 al
710 2737 916 2804 ermentrudae
946 2737 959 2822 ]
986 2737 1038 2804 fol.
1062 2741 1167 2804 ‘lllat
1204 2737 1331 2806 Ueliam
1366 2761 1437 2806 cum

281 2844 445 2904 amaretur
460 2861 481 2904 o
496 2838 614 2906 stuttllo
627 2837 694 2921 pilio
710 2838 856 2916 amantii,
877 2859 948 2902 eum
961 2838 1125 2921 interfecit.
1144 2858 1208 2902 aon
1221 2837 1303 2904 nulli
1316 2861 1434 2905 ueram

282 2938 320 3002 de
347 2937 404 3002 hoc
432 2942 726 3014 commemoraretur,
757 2957 893 3018 quorum
921 2936 984 3001 duo
1015 2937 1049 3001 hi
1070 2937 1143 3020 [hii]
1165 2943 1259 3002 suat:
1291 2939 1367 3002 Noa
1387 2939 1435 3004 sic

282 3058 366 3120 epau
387 3035 493 3118 lupos,
517 3035 614 3118 lapus
628 3056 738 3113 ursos,
761 3056 843 3100 ursa
864 3035 979 3112 leones,
1003 3040 1039 3100 ar
1052 3057 1138 3116 puer
1157 3037 1292 3119 macrus
1308 3038 1435 3102 acueres

280 3135 422 3218 sapiebat
443 3139 609 3200 macarem
656 3133 794 3200 Ouidius
815 3134 955 3199 meminit
975 3134 1010 3198 ia
1029 3134 1269 3216 metamorphos.

344 3233 408 3298 Sed
435 3233 495 3298 hoc
523 3251 583 3314 pro
605 3238 692 3299 certo
714 3231 850 3315 affirmo,
883 3232 917 3296 in
947 3231 1053 3297 codice
1074 3231 1163 3296 Petri
1184 3231 1284 3298 Marsi
1306 3233 1434 3298 nomina

282 3331 358 3396 ficta
378 3332 516 3415 Arionis,
539 3333 725 3409 Democriti,
746 3331 839 3408 Galli,
861 3331 1011 3408 Lucretii,
1033 3330 1179 3411 Luperci,
1202 3330 1436 3414 Menephronis,

284 3430 453 3514 Propertii,
468 3449 627 3512 nusquam
641 3435 779 3514 exstare,
803 3430 894 3511 quod
906 3431 961 3494 uix
975 3429 1111 3513 mireris,
1128 3447 1203 3494 nam
1222 3430 1437 3497 humanistam

284 3547 346 3594 non
374 3535 442 3595 tam
463 3530 614 3609 ignarum
636 3535 735 3610 atque
756 3530 892 3595 inscium
913 3529 1032 3607 fuisse,
1062 3534 1100 3594 ut
1121 3529 1248 3611 ineptas
1269 3547 1321 3594 res
1342 3528 1438 3594 huius

284 3629 410 3709 generis
431 3628 604 3712 reciperet,
638 3631 745 3709 patet3
768 3627 950 3711 egoenim,
984 3628 1039 3708 qui
1060 3645 1170 3693 omues
1202 3627 1288 3694 locos
1319 3627 1352 3692 in
1370 3631 1438 3719 ⁸hoc

285 3727 393 3793 codice
408 3727 615 3803 contulerim,
638 3725 753 3808 quibus
768 3725 897 3792 Ellisius
913 3726 1069 3806 elegiacos
1084 3730 1117 3790 et
1130 3726 1333 3791 hexametros
1342 3725 1438 3792 'fictos

282 3824 388 3890 inesse
402 3825 523 3903 tradit,
545 3825 682 3906 triginta
702 3830 770 3890 tres
792 3829 883 3908 sunt,
905 3843 1004 3889 unum
1018 3824 1108 3890 illum
1121 3825 1242 3907 locum,
1264 3823 1350 3890 sicut
1362 3823 1436 3908 dixi,

283 3922 489 4004 inuestigaui.

347 4020 545 4088 Fabudarum
560 4023 675 4089 deinde
694 4023 883 4089 ficticiarurn
898 4040 1002 4104 neque
1016 4022 1086 4104 ipse
1100 4021 1228 4088 Marsus
1244 4039 1359 4104 expers
1373 4026 1438 4102 est3

286 4119 344 4186 sed
366 4120 443 4202 quid
465 4121 506 4186 de
527 4123 596 4188 eius
617 4123 744 4190 schohis
765 4121 1002 4188 aestimandum
1024 4121 1083 4199 sit,
1105 4121 1344 4187 euidentissime
1365 4139 1440 4187 con-

286 4217 416 4298 spicies,
446 4219 474 4284 si
495 4217 622 4284 fabulas
643 4219 788 4299 ficticias,
819 4220 956 4302 quaein
978 4219 1049 4285 aliis
1071 4218 1231 4286 codicibus
1252 4222 1438 4297 narrantur,

287 4315 474 4396 contulerim
503 4315 577 4382 inde
597 4317 778 4402 intelleges,
810 4317 975 4384 innostro
997 4317 1102 4394 codice
1132 4335 1288 4400 persaepe
1309 4316 1441 4383 meliora

350 4525 373 4597 ¹)
390 4527 589 4599 Benignissime
606 4529 783 4600 llllaqsnus
800 4545 843 4587 me
859 4530 977 4598 monuit,
994 4537 1025 4585 ut
1043 4545 1077 4586 aa
1093 4531 1122 4588 iu
1138 4530 1226 4588 lucens
1242 4528 1403 4602 proterrere.
