3370 5102
732 403 937 463 ‚62-

258 565 399 631 dardani
423 566 508 650 repis
530 565 726 648 scytharum,
755 565 807 630 eni
821 565 869 646 in
889 562 1012 627 matris·
1026 561 1166 644 qratiam
1183 559 1246 642 put
1270 561 1337 624 nim
1366 559 1415 624 iu·

258 665 417 730 tulerunt:
445 665 631 748 indipnatns
652 663 792 746 phineus
819 661 944 727 notabat
970 681 1022 726 eas
1044 660 1133 743 affici
1153 657 1323 740 snpphicia,
1355 679 1415 740 quo

258 770 394 846 tenpore
416 753 626 848 Arpcnantae
651 761 727 828 ilinc
755 783 871 827 nauem
896 759 1098 843 appulerunt.
1139 756 1201 841 potr·
1222 757 1334 839 phinei
1358 757 1415 822 im

251 861 470 946 phoranerurit
484 863 523 928 ab
545 863 597 941 iis,
621 873 712 944 quom
726 861 935 945 Arpanantae
955 859 1073 924 hortati
1094 861 1171 922 sunt
1183 862 1220 921 nt
1238 855 1415 940 filiossup-

250 961 351 1044 plicia
373 947 531 1027 liberaret.
576 961 661 1044 qnod
681 981 752 1026 cum
766 959 825 1026 ,iiie
845 964 1019 1036 recusaret,
1051 955 1161 1023 Oaiais
1183 960 1213 1020 et
1231 955 1330 1020 Zetus
1355 954 1417 1038 pat
1537 1019 1538 1022 ,
1639 967 1642 974 ’

257 1061 384 1128 Boreae
416 1063 517 1127 iuncti
549 1060 781 1126 necessitudine
810 1080 881 1125 cnm
910 1057 989 1141 filiis
1020 1058 1134 1140 phinei
1154 1059 1417 1140 prouocauernnt
1445 1125 1449 1132 ,

258 1160 302 1224 ad
330 1166 485 1226 certamen
507 1165 535 1224 et
561 1159 716 1242 phinenrn
737 1164 765 1224 et
786 1158 954 1235 barbaros,
981 1159 1017 1223 in
1044 1179 1109 1239 qua
1128 1179 1242 1241 pupna
1273 1153 1415 1221 hercules

251 1280 406 1343 pupnans
435 1260 611 1342 fortissime
631 1259 715 1324 inter
732 1259 858 1341 primos
880 1256 1035 1339 phinenm
1055 1256 1232 1338 multasque
1259 1255 1414 1320 barbaros

257 1359 421 1442 interfecit,
452 1358 531 1442 (iliis
564 1378 695 1442 repnum
720 1363 893 1440 paternum
924 1357 1071 1422 restituit.
1120 1356 1224 1453 Testis
1257 1360 1304 1420 est
1335 1351 1415 1418 Dio-

258 1457 369 1522 darns.
383 1459 409 1537 ¹)

323 1589 365 1654 sd
386 1609 414 1653 v.
433 1593 492 1652 503
525 1589 647 1670 Quique
667 1589 864 1674 ticn'rpiaden
885 1587 897 1674 ]
920 1589 941 1654 f.
965 1555 1067 1654 rsrb:
1091 1587 1250 1672 licurpus
1282 1587 1416 1670 fratrem
1481 1565 1484 1568 ’

259 1685 369 1752 hahuit
391 1687 499 1752 Buten
522 1687 612 1752 Teste
635 1689 821 1772 oua0r0,2)
841 1688 945 1772 pilium
966 1689 1083 1753 eisdem
1098 1688 1243 1764 nominis,
1269 1686 1324 1770 qni
1345 1705 1416 1749 anot

259 1789 381 1872 superet
405 1789 441 1851 in
462 1789 628 1852 uenatione
648 1789 798 1870 humetum
820 1789 894 1869 apri
918 1789 953 1851 in
979 1787 1184 1868 arboremque
1210 1783 1414 1865 ascendisset,

260 1887 335 1951 inde
357 1909 377 1951 a
399 1886 491 1951 heina
513 1892 663 1951 necatus:
694 1887 764 1951 ideo
779 1891 876 1969 poeta
896 1908 966 1950 curn
988 1885 1027 1950 ab
1049 1885 1162 1950 arbore
1189 1889 1300 1950 notum
1330 1883 1413 1959 dicit,

260 2005 299 2049 ac
320 1983 459 2066 sifidius
481 1985 608 2048 arboris
629 1986 753 2068 fnisset.

323 2115 526 2196 Apollonium
547 2115 707 2180 Rhodium
730 2117 810 2181 citat
830 2116 993 2196 interpres

323 2249 365 2314 ad
378 2267 408 2314 r.
421 2254 481 2313 504
497 2249 694 2331 Idmonaque
705 2249 860 2314 audacem
870 2249 884 2332 ]
894 2249 952 2313 ib.:
968 2248 1006 2313 de
1018 2248 1075 2312 hoe
1088 2247 1213 2331 faciunt
1225 2245 1411 2312 mentionem

261 2370 332 2414 cnm
358 2349 416 2414 ahi
443 2349 547 2428 hutini,
578 2350 633 2431 qni
660 2350 805 2414 scribunt
832 2349 1076 2432 arponanti‘oass)
1105 2351 1172 2410 tum
1197 2343 1377 2428 apollonius
1387 2345 1415 2426 4)

261 2481 350 2576 apud
377 2433 521 2564 pudicos,
552 2483 610 2562 ,qni
640 2482 762 2559 scribit,
793 2479 955 2546 Idmonem
982 2481 1086 2562 fnisse
1116 2483 1220 2544 uatem
1252 2479 1412 2563 arpinum,

261 2582 407 2647 uttimnm
429 2586 534 2646 antem
555 2582 740 2645 conuenisse
770 2581 804 2646 in
825 2601 940 2644 nauem
963 2580 1146 2657 Jasaniam,
1178 2579 1329 2660 qnoniam
1351 2597 1413 2659 per

261 2681 435 2762 anpurium
443 2684 631 2761 perceperat
644 2700 679 2744 se
693 2681 727 2743 in
741 2700 775 2744 eo
790 2700 889 2743 eursu
897 2681 1094 2761 periturum
1108 2679 1137 2742 is
1153 2677 1258 2742 eadem
1272 2677 1412 2743 Auctore

261 2779 296 2842 in
326 2776 483 2859 Bithunia
515 2776 742 2860 [bithinniam]
775 2777 814 2841 ab
840 2798 920 2859 apro
946 2782 993 2841 est
1024 2775 1210 2840 dilaniatus.
1244 2774 1416 2857 audacem]

263 2868 413 2956 quamuis
435 2895 498 2939 non
525 2875 676 2958 ipnarum
704 2880 835 2959 picturae
856 2877 941 2941 necis
963 2881 1103 2940 ruentem
1123 2876 1158 2940 in
1180 2873 1324 2940 nitimnm
1350 2873 1416 2938 dis-

263 2995 390 3040 ermen.

325 3106 469 3188 Denique
495 3111 583 3172 reste
603 3106 725 3172 Plinius
754 3111 787 3172 et
812 3105 1013 3189 Theocritus
1046 3105 1241 3185 Herodotus,
1275 3105 1416 3171 Plautus

262 3205 364 3270 iuncti
386 3204 577 3284 allegantur.

326 3336 367 3400 sd
381 3355 410 3400 V.
424 3339 480 3400 361
500 3335 588 3400 Filia
601 3357 680 3402 nene
693 3337 872 3420 mapis...]
888 3337 908 3401 f.
926 3342 1025 3403 utta:
1041 3338 1166 3420 ptereha
1182 3338 1254 3402 Rea·
1267 3338 1415 3402 dumad·

263 3455 380 3500 uersus
411 3440 563 3500 creontem
593 3442 696 3519 repam
730 3437 894 3501 thebarum
925 3443 1099 3520 pnpnaret,
1135 3435 1291 3519 paiidices
1329 3435 1423 3520 filiae

256 3533 439 3616 proditione
470 3538 600 3598 necatus
632 3539 680 3599 est
710 3534 750 3599 ab
782 3535 1016 3617 Amphitrione,
1052 3557 1148 3617 qinom
1178 3535 1346 3600 historiam
1378 3537 1414 3600 in

262 3631 408 3715 fabulam
433 3652 528 3696 snam
555 3631 700 3697 traducit
717 3631 854 3714 plautus
881 3634 933 3713 ,is
960 3655 1061 3716 repom
1086 3632 1242 3715 ptereiam
1270 3653 1336 3698 sna
1365 3632 1417 3696 de·

264 3735 391 3796 truncat
417 3733 533 3794 mann“
566 3730 685 3814 [Plaut.
716 3732 875 3813 Amphitr.
904 3731 988 3814 252}
1031 3733 1145 3814 Npsus
1174 3731 1277 3814 {iiiam
1307 3732 1419 3796 habuit

265 3827 416 3910 Scpdam,
449 3833 486 3892 ut
505 3834 553 3893 est
574 3829 663 3911 apud
687 3829 838 3894 Ouidium
859 3830 948 3916 [Met.
972 3829 1058 3913 VIII,
1081 3829 1143 3912 90],
1167 3852 1188 3895 a
1211 3851 1276 3911 qna
1295 3829 1418 3912 [aqna]

257 3927 410 4010 proditus
425 3931 480 3991 est.
503 3927 617 3992 Altera
633 3927 740 4011 Sophia
761 3949 917 3994 conuersa
930 3933 978 3993 est
997 3929 1032 3992 in
1045 3932 1223 3992 monstrum
1242 3929 1277 3992 in
1293 3927 1411 4004 Sicilia,

264 4030 356 4094 cuins
371 4029 468 4106 pater
493 4024 599 4092 (hatis
621 4029 726 4092 amnis
751 4029 855 4110 fuisse
878 4029 994 4110 fertur,
1027 4026 1111 4092 unde
1136 4025 1259 4096 Orateis
1287 4027 1418 4108 dicitnr:

264 4192 449 4204 -—-———-

330 4277 458 4345 1)1)ἰο«].,
475 4275 522 4344 IV,
538 4280 570 4332 43
589 4295 628 4345 sq.

330 4359 350 4426 ²)
367 4360 448 4415 Diod.
467 4360 500 4427 V,
515 4363 539 4414 4.

329 4439 349 4508 ³)
367 4440 495 4498 Valerius
511 4442 603 4496 Flnca.
619 4440 645 4508 1,
661 4442 725 4508 2293
742 4439 768 4508 I,
785 4441 835 4496 860
853 4455 906 4508 sq.;
923 4439 958 4508 V,
973 4442 990 4494 2
1007 4457 1047 4509 sq.

329 4521 350 4590 ⁴)
367 4523 457 4593 Aput
474 4522 554 4580 Rhod
581 4522 608 4590 I,
626 4524 674 4578 139
694 4521 800 4591 sqqib.
818 4520 845 4590 1,
861 4523 927 4589 443,
943 4524 974 4590 4,
991 4521 1025 4578 ct.
1041 4522 1082 4591 ΙΙ,
1100 4524 1150 4578 815
1168 4537 1208 4591 sq.

1663 3911 1674 3970 u
