3370 5102
744 310 950 372 ..4ss-

270 470 406 540 Petrum
428 471 572 540 Marsum
593 472 838 539 commentarios
867 471 908 536 ad
930 470 1001 536 Ibin
1022 470 1217 538 scribentem
1239 470 1423 535 adolescan-

273 574 378 638 tulum
399 572 512 650 fuisse,
534 591 609 638 nam
623 573 651 638 si
665 572 753 638 illam
767 572 904 652 primam
921 570 1094 636 editionem
1109 571 1185 636 anni
1202 575 1281 634 1483
1296 569 1429 635 iuuenili

276 673 392 738 ardore
414 673 566 754 scriptam
588 689 658 736 esse
683 677 716 736 et
738 671 960 750 castigandam
992 667 1091 734 fuisse
1113 669 1203 746 dicit,
1238 669 1305 734 siue
1333 668 1427 734 breui

273 777 347 854 post
377 791 485 838 comm.
509 773 551 838 ad
572 773 644 836 ibin
673 770 818 846 confecit,
851 771 899 836 ita
927 774 964 834 ut
997 789 1056 852 per
1077 770 1206 850 aliquod
1238 774 1366 851 tempus
1396 769 1429 832 in

274 873 389 938 scrinio
417 872 549 949 lateret,
583 872 652 936 siue
686 869 853 936 confestim
872 863 1038 950 'impressa
1068 875 1130 947 est,
1163 869 1312 949 colligere
1344 869 1428 951 licet,

274 971 344 1036 Silii
358 989 467 1036 comm.
480 975 554 1052 post
568 970 668 1036 lbidis
683 971 819 1050 scriptos
835 987 921 1047 esse3
943 969 1007 1033 iam
1028 969 1062 1032 id
1079 987 1207 1049 quoquc
1221 969 1276 1032 uix
1291 969 1429 1052 mireris,

273 1071 359 1152 quod
386 1070 500 1136 horum
522 1070 821 1158 commentariorum
842 1087 1012 1150 nusquam,
1044 1069 1129 1150 quod
1159 1053 1288 1150 quidem
1315 1068 1422 1150 sciam,

273 1169 393 1234 mentIo
428 1168 478 1252 fit,
514 1169 575 1232 nisi
609 1169 693 1234 forte
726 1169 903 1234 Joecherus
933 1168 1034 1250 ¹[dllg.
1070 1167 1426 1250 Gelehrten-Lexikon]

275 1268 382 1333 Ouidii
412 1270 656 1334 commentarios
683 1271 760 1333 Ant.
784 1269 977 1350 Constantii,
1011 1269 1044 1332 P.
1068 1268 1182 1346 Marsi,
1213 1270 1250 1333 B.
1273 1268 1429 1345 Merulae,

274 1367 362 1433 inter
376 1368 444 1432 eius
458 1367 556 1432 libros
572 1386 762 1433 enumerans
776 1367 848 1432 Ibin
864 1369 1045 1448 complexus
1060 1374 1118 1451 est,
1141 1368 1292 1449 quoniam
1306 1367 1429 1449 posteri

277 1467 496 1531 commentarii
519 1467 598 1532 adeo
630 1468 709 1532 istas
732 1467 899 1532 literarum
926 1467 1085 1548 primitias
1107 1473 1360 1551 superauerunt,
1393 1471 1431 1531 ut

275 1585 385 1631 eorum
407 1566 559 1630 memoria
580 1567 854 1648 exstingueretur;
882 1571 990 1632 tamen
1015 1567 1069 1648 qui
1096 1567 1154 1632 hos
1183 1569 1428 1632 commentarios

275 1684 346 1730 cum
368 1665 451 1743 aliis,
486 1667 624 1730 maxime
653 1684 725 1730 cum
747 1665 828 1741 Silii,
863 1665 979 1748 quibus
1005 1685 1068 1731 non
1090 1666 1193 1731 solum
1216 1670 1338 1750 aetate,
1372 1666 1428 1732 sed

276 1765 374 1830 etiam
396 1765 602 1830 similitudine
623 1764 758 1845 proximi
781 1768 870 1846 sunt,
905 1764 1090 1848 contulerit,
1124 1765 1185 1830 sibi
1206 1765 1427 1849 persuadebit,

274 1864 446 1946 utriusque
468 1867 604 1928 eundem
634 1868 797 1928 auctorem
829 1861 941 1941 fuisse,
975 1882 1050 1927 nam
1076 1882 1139 1928 non
1160 1865 1253 1929 modo
1283 1883 1324 1930 ne
1346 1883 1429 1929 unus

276 1963 405 2042 quidem
428 1981 551 2045 eorum,
579 1981 657 2044 quos
680 1963 722 2026 ad
743 1962 952 2026 illustrandos
974 1962 1074 2026 Ibidis
1095 1983 1210 2029 uersus
1232 1963 1366 2043 allegat,
1398 1965 1428 2028 in

146 2105 148 2108 -
278 2081 387 2127 comm.
411 2063 452 2126 ad
474 2062 587 2126 Silium
610 2063 715 2144 deest,
749 2062 805 2126 sed
828 2063 925 2126 etiam
947 2081 1032 2128 unus
1054 2082 1092 2126 ex
1115 2063 1276 2147 omnibus,
1304 2062 1431 2146 Strabo,

275 2179 369 2243 quem
389 2163 589 2244 potissimum
604 2161 789 2228 laudauisse
809 2163 940 2228 uidetur
955 2164 1082 2228 Marsus
1103 2163 1136 2226 in
1152 2163 1255 2246 Ibide,
1279 2163 1370 2228 cuius
1384 2163 1432 2230 rei

274 2261 466 2326 testimonia
495 2261 582 2326 inira
604 2260 792 2346 afferentur,
825 2267 892 2326 tam
922 2281 1018 2344 saepe
1049 2262 1082 2326 in
1116 2281 1224 2326 comm.
1258 2263 1300 2328 ad
1322 2261 1434 2327 Silium

150 2356 151 2359 ’
275 2361 446 2443 laudatur,
479 2365 517 2425 ut
538 2361 667 2442 saepius
696 2362 793 2427 etiam
816 2362 935 2427 citetur
964 2381 1061 2443 quam
1086 2362 1114 2427 is
1136 2368 1262 2438 auctor,
1296 2381 1430 2444 quomo

276 2465 397 2525 natura
415 2479 524 2525 rernm
548 2459 811 2542 explicandarum
834 2461 989 2544 imprimis
1004 2463 1179 2543 allegatum
1201 2480 1270 2526 esse
1291 2461 1431 2528 fortasse

277 2563 454 2642 exspectes,
483 2559 612 2624 Liuium
633 2561 711 2625 dico.
743 2561 907 2644 Ceterum,
937 2568 975 2627 ut
1002 2562 1060 2628 hoc
1081 2564 1244 2646 omittam,
1275 2563 1360 2645 quod
1380 2563 1429 2628 bis

277 2659 405 2724 Marsus
427 2658 527 2724 Ibidis
549 2659 699 2724 carminis
719 2661 864 2726 meminit
892 2662 947 2745 [od
969 2663 997 2745 I,
1028 2667 1087 2726 547
1110 2662 1150 2727 de
1172 2663 1255 2728 Allia
1280 2662 1427 2740 flumina

280 2759 321 2822 ad
336 2755 421 2840 XIV,
443 2763 480 2821 41
506 2758 546 2822 de
561 2758 703 2842 Cocalol,
725 2765 801 2825 sunt
816 2759 878 2825 duo
900 2761 958 2826 loci
973 2761 1006 2824 in
1021 2766 1160 2842 utroque
1174 2762 1290 2845 libello,
1313 2761 1428 2843 quibus

277 2856 397 2921 fontem
427 2861 537 2920 tacens
560 2855 752 2923 Strabonem
780 2859 937 2940 respexit3
971 2860 1028 2926 hos
1050 2861 1134 2926 enim
1156 2878 1228 2926 cum
1250 2861 1320 2925 aliis
1349 2879 1430 2926 com·

277 2955 443 3020 montariis
466 2955 594 3022 Silianis
615 2958 827 3039 inuestigaui,
850 2979 944 3043 quam
966 2979 1037 3025 cum
1059 2962 1121 3027 Clo.
1144 2963 1227 3028 libro
1251 2963 1290 3028 do
1311 2966 1430 3026 natura

278 3055 414 3121 deorum
447 3059 481 3120 et
511 3056 551 3121 de
576 3057 775 3126 diuinatione
806 3060 840 3124 in
865 3060 1060 3126 bibliotheca
1084 3063 1239 3130 Bernensi
1271 3062 1429 3142 inspicere

277 3155 356 3219 mihi
378 3155 521 3236 contigit.

340 3289 382 3353 ad
402 3289 464 3366 III,
492 3292 554 3352 400
583 3289 748 3373 emathios]
779 3292 819 3356 ab
842 3291 1033 3358 Emathiona
1064 3315 1134 3377 repe
1163 3299 1191 3359 et
1214 3293 1370 3358 Hanania
1391 3293 1431 3356 ab

278 3388 417 3452 Hemone
438 3393 467 3452 et
489 3387 658 3453 Thessalia
679 3413 700 3454 a
723 3390 892 3469 Thessalo,
923 3391 1075 3456 Hemonis
1095 3393 1162 3476 silio
1188 3399 1217 3459 et
1238 3393 1382 3458 Neronia
1411 3415 1432 3456 a

279 3488 416 3566 Nesone,
452 3487 519 3570 filio
550 3486 699 3554 Tbessali
735 3495 763 3554 at
797 3489 943 3573 Parrbea
979 3513 1000 3556 a
1039 3492 1184 3576 Pprrba,
1222 3491 1432 3558 Deucalionis

279 3609 387 3654 maore.

340 3721 443 3802 Haec,
485 3737 568 3800 quae
600 3720 643 3785 sis
674 3723 819 3788 conferas
852 3743 924 3789 cum
953 3723 1223 3806 interpretatione
1255 3724 1296 3789 ad
1327 3723 1428 3789 Ibidis

279 3837 308 3884 v.
320 3823 380 3884 284
402 3817 468 3903 [fol.
482 3819 592 3902 270b],
616 3840 712 3902 quam
726 3841 797 3888 cum
818 3822 904 3888 lente
919 3823 1004 3888 infra
1019 3823 1182 3906 exscripsi,
1204 3827 1336 3904 sumpta
1352 3826 1429 3887 sunt

281 3935 300 3984 e
314 3917 483 3984 Strabonis
497 3938 528 4002 p.
541 3923 618 4004 443,
641 3921 701 3986 nisi
715 3921 801 4002 quod
815 3922 945 3987 nomina
959 3922 1078 4002 partim
1093 3921 1290 4004 transposita
1304 3925 1388 3988 sunt.

341 4050 383 4115 ad
403 4050 487 4129 XIV,
510 4055 582 4116 267:
616 4052 775 4117 Amastra
801 4052 923 4116 colonia
945 4059 993 4118 est
1017 4053 1166 4119 Ponticae
1191 4053 1341 4138 capionis,
1378 4053 1434 4116 abi

279 4156 327 4214 est
347 4149 512 4215 Amastris
526 4151 605 4215 arbs
620 4151 847 4232 inpeninsala,
870 4151 989 4214 babens
997 4157 1114 4234 portas
1131 4173 1169 4217 ea
1182 4157 1318 4234 atraque
1326 4155 1432 4234 parte,

280 4271 376 4332 qaam
391 4250 530 4315 conclidit
544 4256 573 4315 et
587 4251 639 4316 cai
652 4271 763 4315 nomen
778 4249 862 4316 dedit
877 4252 1059 4331 Amastris,
1087 4251 1229 4316 Oaiartis
1249 4253 1325 4335 fitia,
1348 4271 1432 4316 acor

281 4348 434 4432 Dionysii
454 4349 717 4415 Herculanensis.
