3370 5102
593 763 716 856 νιτΑ
749 759 1023 856 ructans.
1172 725 1174 733 ‘

310 1141 415 1206 Natus
443 1158 513 1204 sum
534 1127 689 1204 ilbertus¹
708 1137 806 1218 Maag
827 1136 1034 1202 Buelacensis
1064 1135 1176 1200 Idibus
1197 1135 1303 1200 Juniis
1332 1135 1408 1198 anni

249 1239 483 1306 MDGOOLXH
496 1237 623 1304 Bernae
643 1241 739 1318 patre
754 1235 935 1314 Salomone,
957 1241 1062 1300 matre
1078 1235 1254 1300 Catharina
1268 1253 1286 1298 e
1310 1237 1407 1314 gente

250 1339 354 1404 Blum.
397 1339 574 1419 Postquam
602 1337 635 1400 in
662 1335 746 1400 ludis
773 1334 908 1422 publicis
940 1333 1109 1398 literarum
1132 1333 1327 1398 rudimentis
1352 1333 1408 1396 im-

249 1438 349 1503 butus
379 1455 464 1520 snm,
496 1437 629 1500 ineunte
658 1433 771 1499 XVImo
794 1435 910 1498 aetatis
939 1452 1022 1498 anuo
1049 1434 1080 1497 in
1109 1433 1243 1498 tertium
1265 1431 1409 1497 ordinem

250 1535 408 1617 gymnasii
434 1534 530 1600 huius
558 1533 649 1598 urbis
674 1539 824 1614 receptus
852 1551 939 1615 sum,
968 1533 1001 1596 in
1027 1550 1090 1613 quo
1119 1532 1257 1614 primum
1285 1533 1409 1596 animus

250 1651 342 1699 meus
364 1633 408 1698 ad
427 1632 571 1712 linguam
594 1632 752 1697 Graecam
773 1637 806 1696 et
827 1631 976 1696 Latinam
991 1631 1135 1697 conuerti
1150 1631 1268 1714 coepit,
1292 1631 1409 1711 quibus

250 1733 325 1797 inde
349 1749 369 1796 a
390 1731 530 1812 pueritia
551 1731 624 1812 plus
647 1729 833 1795 delectabar
854 1749 951 1811 quam
966 1729 1112 1794 omnibus
1134 1729 1203 1795 aliis
1225 1729 1407 1810 disciplima,

153 1838 156 1843 ’
250 1829 367 1912 quibus
389 1829 546 1910 gymnasii
573 1830 694 1894 alumni
715 1829 841 1894 institui
863 1829 977 1893 solent.

314 1928 430 2008 ltaque
443 1926 577 1992 ineunte
591 1933 763 1993 auctumno
780 1927 855 1991 anni
865 1925 1000 1991 LXXXI
1010 1928 1209 2006 maturitatis
1223 1926 1406 1992 testimonio

254 2026 342 2108 quod
357 2025 474 2090 dicitur
488 2026 667 2090 instructus
683 2025 806 2090 ciuibus
821 2026 1044 2090 uniuersitatis
1058 2026 1223 2091 literariae
1238 2024 1409 2090 Bernensis

254 2124 438 2207 adscriptus
461 2143 545 2201 sum,
567 2129 606 2188 ut
627 2129 732 2190 totum
754 2125 945 2206 philologiae
960 2124 1066 2190 studio
1081 2143 1131 2189 me
1146 2123 1305 2188 dederem.
1338 2123 1413 2186 Per·

254 2224 334 2289 actis
348 2227 503 2304 quattuor
517 2223 742 2301 semestribus‚
759 2242 895 2304 quorum
911 2227 1052 2289 extremo
1067 2241 1131 2287 non
1145 2220 1247 2288 s'olnm
1261 2223 1412 2286 honorem

254 2322 418 2402 magistri,
449 2340 543 2403 quem
573 2322 684 2402 lingua
712 2329 823 2388 nostra
857 2322 1056 2404 appellamus
1079 2321 1412 2404 „Secundarlehrer“,

255 2421 426 2486 sedetiam
448 2421 640 2501 dignitatem
662 2421 796 2486 senioris
817 2439 846 2502 q.
864 2419 892 2485 d.
909 2422 1071 2487 seminarii
1091 2420 1273 2503 philologici
1295 2424 1409 2484 nactus

256 2537 337 2602 sum,
352 2519 493 2601 lipsiam
506 2538 557 2584 me
573 2519 703 2596 contuh,
725 2521 781 2584 uhi
797 2519 882 2584 Virr.
898 2519 944 2584 lll.
961 2519 1084 2602 Laugii
1102 2519 1215 2602 Curtii,
1236 2518 1412 2602 Ribbeckii,

256 2617 462 2700 Ouerbeckii‚
495 2618 533 2680 A.
555 2617 732 2682 Ecksteinii
755 2617 869 2682 scholis
890 2617 1038 2695 interfui,
1072 2636 1209 2699 quorum
1234 2618 1329 2698 primi
1351 2617 1413 2681 duo

257 2715 421 2780 seminarii
433 2715 615 2795 philologici
626 2715 705 2796 Reg.
717 2719 787 2780 tum
798 2721 939 2780 rectores
957 2715 1098 2782 fuerunt.
1110 2716 1257 2781 Proximo
1268 2717 1415 2782 semestri

258 2815 382 2881 aestiuo
398 2833 425 2877 a.
438 2811 602 2878 LXXXIV
617 2813 820 2878 Monachium
835 2813 998 2894 profectus
1014 2833 1093 2898 sum,
1116 2819 1154 2878 ut
1169 2815 1414 2881 uniuersitatem

259 2913 721 2978 Ludouico-Maximilianeam
753 2912 1009 2994 frequentarem:
1047 2933 1143 2994 quem
1171 2915 1326 2980 maximas
1354 2932 1414 2993 ago

261 3012 384 3092 gratias
405 3013 677 3094 praeceptoribus,
700 3012 854 3090 Christio,
876 3011 1076 3090 Woelfflinio,
1099 3013 1257 3096 Brunnio,
1280 3031 1416 3094 quornm

260 3111 457 3176 liberalitate
471 3111 548 3175 mihi
563 3110 846 3176 exercitationibus
861 3116 894 3174 et
908 3111 1105 3191 philologieis
1121 3115 1154 3176 et
1168 3111 1416 3190 archaeologicis

259 3209 417 3274 interesse
446 3209 590 3290 contigit,
612 3226 696 3290 quae
717 3209 905 3274 moderante
926 3209 1071 3274 Brunnio
1101 3211 1134 3274 in
1156 3209 1361 3291 glyptotheca
1384 3215 1417 3274 et

259 3306 470 3388 pinacotheca
490 3311 603 3372 uetere
623 3307 736 3372 haberi
769 3307 930 3385 solebant,
963 3325 1021 3373 nec
1046 3327 1110 3373 non
1131 3308 1294 3373 societatis
1314 3308 1415 3390 philo-

259 3405 383 3486 logicaa
404 3405 451 3470 ini
472 3406 598 3470 sodalis.
642 3407 764 3470 Exacto
785 3406 950 3484 semestri,
979 3411 1151 3487 postquam
1172 3407 1235 3470 iter
1257 3425 1316 3488 per
1338 3406 1417 3472 Ger-

260 3503 399 3567 maniam
419 3504 659 3568 meridionalem
680 3504 754 3582 leci‚
778 3505 904 3569 domum
925 3505 1028 3570 redux
1049 3505 1155 3570 factus
1177 3521 1261 3589 sum,
1288 3509 1326 3570 ut
1347 3510 1416 3571 stu-

261 3602 386 3667 diorum
407 3601 502 3667 finem
524 3602 670 3669 facerem.
713 3604 782 3668 Hoc
807 3604 907 3684 igitur
935 3604 1003 3668 loco
1025 3605 1188 3670 occasione
1210 3605 1319 3670 oblata
1341 3605 1417 3668 mihi
1446 3591 1451 3601 ’

258 3700 369 3793 ¹liceat,
403 3720 475 3768 cum
506 3703 654 3768 omnibus
685 3701 911 3768 illustrissimis
940 3702 1039 3786 Viris,
1070 3721 1205 3784 quorum
1237 3703 1418 3768 eruditione

262 3818 321 3882 per
335 3801 510 3865 triennium
524 3800 649 3867 fructus
671 3821 754 3880 sum,
769 3801 926 3884 Hirzelio‚
942 3801 1090 3883 Vettero,
1105 3801 1261 3880 Hidbem,
1279 3801 1416 3886 Stemio‚

262 3898 411 3983 Heblero,
433 3904 503 3965 tum
516 3901 654 3965 maxime
667 3900 802 3980 Hageno
817 3905 851 3965 et
865 3900 1005 3980 Hitzigio
1027 3899 1291 3981 praeceptoribus
1313 3901 1352 3965 de
1367 3919 1419 3965 me

262 3997 382 4076 optime
403 3998 527 4063 meritis
548 4015 604 4063 eas
624 4015 704 4080 quas
727 3999 826 4064 debeo
848 3999 972 4079 gratias
995 4015 1089 4078 agam
1110 3998 1247 4078 publice.

324 4094 449 4160 Dabam
470 4097 597 4162 Bemae
619 4096 716 4162 Nonis
737 4095 864 4162 Martiis
885 4095 1186 4164 MDOOOLXXXV.

719 4335 964 4354 UVVVVWWVW
