3370 5102
571 402 574 411 Ι
708 341 932 404 Χ-39..

252 500 329 566 huic
358 501 521 582 peculiare
546 507 597 569 est
617 522 722 584 neque
749 506 783 568 in
804 503 866 568 aiio
893 502 957 568 ulio
983 503 1160 586 reperitur,
1190 503 1274 584 quod
1304 504 1410 570 tribus

253 599 331 665 loeis
354 600 494 666 exhibito
526 601 643 668 scholio
670 602 779 669 uerbis
807 603 854 668 cic
876 607 1022 666 oenomao
1043 602 1096 666 uel
1117 607 1264 668 censete
1285 603 1333 668 sic
1354 603 1410 668 ad-

254 698 357 781 ditur,
387 717 482 780 quem
504 701 546 764 ad
567 702 696 767 modum
717 701 820 766 uerba
841 701 953 785 Ibidis,
986 700 1027 766 ad
1050 719 1133 782 quse
1153 700 1233 766 illud
1258 701 1408 782 pertinet,

255 799 472 862 construenda
499 799 576 865 sint:
612 801 654 864 ad
676 819 703 864 v.
728 805 798 877 357,
820 805 896 880 418,
920 803 989 864 559.

315 898 404 975 Jam,
426 902 598 980 postquem
612 898 837 976 intelleximus,
852 917 906 963 eos
929 898 970 964 de
991 897 1109 979 quibus
1130 897 1254 978 egimus
1277 897 1409 974 codices,

253 1014 447 1078 quemquam
468 997 588 1062 scholia
609 998 681 1079 plus
706 999 811 1062 minus
837 1003 964 1062 mutata
994 1003 1028 1062 et
1050 1002 1147 1062 aucta
1168 1002 1245 1061 suut
1265 1015 1349 1061 nunc
1377 997 1410 1061 in

253 1096 339 1160 ueris
354 1095 486 1161 nuncin
502 1097 677 1187 corruptis,
700 1103 809 1162 tamen
823 1096 997 1178 plurimum
1011 1095 1138 1160 eusdem
1149 1094 1411 1162 uersusficticios

253 1231 294 1239 —
316 1199 350 1259 et
370 1194 496 1275 quales!
514 1231 551 1244 -
568 1211 748 1262 communes
771 1193 1320 1289 hstb0f02QE„QQ1.iid,fa⁰ium
1342 1211 1411 1260 esse
1512 1192 1522 1210 '

245 1293 685 1388 Q⁰¹Lier⁸¹lfldiiiirs
714 1314 773 1362 uec
801 1313 880 1378 non,
912 1295 946 1360 id
978 1294 1064 1375 quod
1089 1293 1314 1374 grauissimum
1341 1283 1434 1358 es'se'

254 1411 367 1458 censeo
398 1393 439 1456 ud
469 1383 542 1457 'rein
573 1393 821 1476 profligandam,
855 1394 966 1458 eodem
996 1393 1063 1458 leco
1095 1393 1180 1473 apud
1207 1411 1316 1457 omnes
1342 1391 1410 1458 iere

253 1492 380 1556 initium
409 1510 479 1558 esse
506 1493 826 1575 interpretationum,
862 1493 973 1558 eedem
1002 1511 1111 1556 omues
1139 1491 1267 1558 ultimos
1296 1510 1411 1559 uersus

146 1587 151 1612 ¹
254 1591 383 1658 fictitios
399 1590 564 1675 exhibere,
581 1593 657 1674 quid
672 1593 857 1666 eii'ecimus?
871 1591 951 1656 haec
967 1595 1016 1656 est
1031 1590 1256 1672 disputationis
1271 1609 1409 1656 summa:

336 1691 465 1762 Codex
488 1688 680 1763 Galeauus
702 1695 742 1761 et
764 1690 930 1761 Oonrudi
953 1689 1000 1760 de
1015 1688 1122 1759 Mure
1142 1689 1409 1776 Repertouium

253 1810 338 1862 cum
361 1789 492 1862 codiee
514 1787 543 1858 Ο
566 1794 605 1861 et
625 1789 864 1860 Askewieno
885 1788 1003 1858 uuius
1025 1787 1182 1876 generis
1204 1791 1305 1859 suut.

542 2023 579 2093 4.
614 2021 677 2092 DE
701 2017 1119 2092 communemve.

317 2190 431 2254 Restat
460 2194 498 2254 ut
527 2189 567 2254 de
587 2188 764 2270 Philippico
791 2191 825 2252 et
851 2185 1038 2251 recensione
1064 2185 1282 2264 Saluegniena
1307 2201 1411 2264 pauca

253 2288 371 2365 dicam,
394 2306 530 2367 quorum
550 2288 692 2368 priorem
714 2305 785 2351 cum
806 2286 871 2349 ium
891 2284 1021 2350 Ellisius
1046 2302 1200 2349 uersuum
1221 2282 1410 2348 ficticiorum

257 2384 359 2450 solum
374 2386 514 2450 emnium
536 2387 591 2466 qui
616 2387 744 2466 integra
768 2385 890 2448 hebent
910 2384 1030 2450 scholia
1051 2387 1217 2464 expertem
1239 2401 1310 2448 esse
1329 2400 1410 2448 curn·

256 2484 499 2566 memerauerit,
521 2484 630 2550 breuis
644 2503 714 2550 esse
728 2501 869 2565 pessum3
894 2484 1004 2565 itaque
1026 2482 1164 2549 sufficiat
1185 2483 1410 2566 dixisse,eum

255 2602 318 2646 non
349 2582 446 2648 semel
475 2583 553 2648 aiios
581 2602 700 2666 eosque
720 2584 866 2648 meliores
899 2584 1004 2648 fontes
1026 2591 1173 2648 secutum
1194 2599 1264 2648 esse
1295 2582 1409 2664 uideri,

253 2683 314 2746 etsi
337 2682 422 2747 iuter
435 2682 520 2748 huuc
534 2686 568 2746 et
583 2683 806 2748 Askewiannm
822 2684 984 2764 quandem
1000 2682 1190 2748 affinitatem
1204 2681 1410 2748 statuendum

255 2801 327 2848 esre
354 2801 426 2848 cum
447 2801 486 2847 ex
515 2783 585 2848 aliis
614 2784 690 2849 locis
712 2789 782 2848 tum
805 2803 844 2848 ex
866 2784 1076 2848 annotatione
1104 2781 1146 2848 ad
1168 2801 1195 2846 v.
1219 2785 1277 2846 501
1308 2786 1410 2862 petet,

253 2881 309 2946 ubi
337 2899 400 2946 uon
429 2881 531 2948 solum
560 2882 678 2963 partim
706 2882 816 2947 uerbis
843 2883 955 2947 iisdem
978 2883 1098 2964 utitur,
1127 2881 1311 2946 sedetiam
1340 2899 1409 2946 cor-

253 2980 383 3060 ruptela
404 2980 540 3046 nominis
562 2980 675 3045 eadem
697 2987 762 3046 est:
786 2981 862 3046 Ask.
886 2987 920 3046 et
942 2981 989 3046 O.:
1020 2979 1236 3063 †Paptapeee
1261 2979 1410 3062 Epirotes

253 3101 323 3144 cmm
344 3079 574 3144 Ameraeeeam
596 3079 758 3156 obsideret,
783 3081 882 3144 ecidit
903 3085 1054 3144 uenatum
1075 3084 1104 3144 et
1125 3079 1251 3144 leaenae
1272 3077 1412 3144 catulum

253 3180 368 3244 tacitas
407 3178 561 3258 sestuiit;
594 3200 685 3260 quem
723 3184 890 3244 consecute
932 3179 1040 3244 leoena
1070 3179 1179 3242 cerem
1215 3177 1412 3243 menecratem

254 3276 398 3342 laudauit.
441 3278 538 3343 Puri:
573 3279 774 3363 tPuplcapas
809 3279 959 3360 Epirotes
991 3298 1063 3342 cum
1096 3276 1327 3342 Ambraciotam
1359 3277 1410 3342 ob-

253 3375 369 3440 sideret
403 3377 501 3442 emerit
536 3383 688 3444 nemmem
723 3384 752 3444 et
788 3379 915 3444 leaenae
946 3377 1086 3444 eorunm
1117 3382 1231 3444 noctem
1265 3375 1411 3444 sustulit:

253 3475 305 3539 eet
330 3474 441 3540 leaena
462 3495 631 3542 occurrens
653 3477 809 3544 iecereue't
831 3500 911 3543 eune.
943 3478 980 3544 Iu
1002 3477 1211 3548 annotatione
1232 3475 1274 3542 ed
1297 3493 1325 3540 v.
1349 3480 1406 3540 271

251 3574 284 3637 in
307 3578 446 3656 utruque
467 3581 620 3656 corrupte
641 3577 770 3642 nomine
790 3583 921 3642 exstant
941 3577 1053 3641 eadem
1071 3575 1248 3642 Pelideetor
1270 3574 1408 3642 etPote'e

251 3674 385 3755 clephas.
439 3675 487 3738 Ex
523 3675 577 3740 illa
609 3694 707 3742 causa
735 3677 958 3757 explicandum
991 3682 1055 3753 est,
1095 3676 1180 3757 quod
1219 3693 1316 3755 saepe
1348 3680 1406 3740 eut

252 3773 383 3838 meliora
398 3773 468 3840 eliis
491 3781 549 3840 eut
570 3775 655 3841 solus
669 3793 748 3842 uera
763 3775 899 3856 praebet
922 3775 1010 3858 [uide
1025 3775 1083 3840 ΕΠ.
1101 3774 1222 3854 proleg.
1245 3793 1276 3854 p.
1292 3772 1407 3855 LVH];

252 3875 384 3949 praeter
410 3872 474 3937 hos
495 3873 581 3940 locos
602 3874 732 3940 diuersa
754 3876 794 3940 ab
818 3875 888 3939 eliis
910 3878 1088 3938 narrantur
1110 3874 1152 3940 ad
1175 3891 1202 3936 v.
1234 3877 1303 3953 188,
1336 3877 1406 3950 499,

254 3973 330 4051 591,
364 3973 438 4048 611;
472 3972 611 4054 denique
643 3991 707 4038 uno
739 3974 823 4056 loco,
856 3973 942 4056 quod
974 3973 1090 4038 mirum
1122 3976 1189 4049 est,
1222 3972 1263 4036 ad
1295 3975 1407 4036 11159

255 4067 497 4149 Hippeicekores
530 4069 567 4134 fit
599 4072 734 4154 mentio,
768 4073 852 4154 quud
884 4090 999 4138 nomen
1029 4071 1062 4135 iu
1093 4071 1153 4138 hoc
1185 4089 1247 4136 uno
1280 4076 1408 4136 exstare

251 4166 380 4232 Ellisius
401 4184 465 4230 nou
486 4175 574 4235 recte
595 4171 688 4248 dixit,
711 4190 786 4236 nam
808 4173 849 4236 ad
872 4191 898 4235 v.
924 4176 998 4247 335,
1030 4189 1093 4252 quo
1113 4171 1181 4236 leco
1202 4170 1242 4236 de
1264 4169 1407 4236 eiusdem

252 4266 399 4332 Limenes
434 4269 538 4332 morte
574 4269 696 4348 agitur,
734 4271 827 4336 Mure
865 4270 970 4336 addit:
1018 4271 1110 4349 ,lete
1145 4269 1232 4335 ieeur
1270 4268 1406 4333 Attente

253 4366 424 4456 tpoeeeees
438 4367 648 4447 nomenatus,
665 4371 751 4454 quod
766 4389 805 4435 ex
819 4371 872 4436 illo
884 4371 983 4435 uerbo
996 4369 1118 4436 Graeco
1134 4373 1321 4450 corruptum
1337 4383 1407 4434 esse
