3370 5102
679 333 972 414 ‚-ao-

291 512 320 560 v.
343 497 404 559 250
432 513 545 560 uerum
567 496 730 578 coperiare
759 513 829 561 curu
851 495 955 573 Parm,
977 501 1011 562 et
1033 495 1147 562 Franc.
1174 494 1207 559 hi
1236 495 1358 561 codices
1386 495 1445 560 soli

373 600 606 675 seruauerunt;

295 711 324 758 v.
348 699 408 760 256
430 696 626 777 armatisque
640 699 770 776 praeter
784 694 864 760 Phil.
880 700 913 761 et
927 694 1031 760 Parui.
1047 712 1206 778 nusquam
1221 696 1282 760 nisi
1297 695 1330 760 in
1346 697 1443 762 Bero-

371 795 485 860 linensi
508 801 541 860 at
562 794 719 860 Tolosano
740 795 903 874 traditum

293 913 323 958 v.
347 900 408 959 412
430 913 509 961 uero
530 895 625 960 lectio
649 896 808 960 oeroiooea
828 895 861 958 in
873 895 1018 960 omnibus
1033 894 1194 960 codicibus
1211 901 1365 978 corrupta
1385 902 1445 975 est,

373 1000 504 1076 excepto
531 995 597 1059 cod.
620 994 665 1060 Ol.
688 994 833 1060 Sarrauii
859 999 892 1058 et
918 993 993 1060 edit.
1021 995 1139 1059 Aldina
1165 995 1268 1060 altera
1295 995 1445 1079 [uulgata

374 1094 516 1178 script];

292 1211 323 1256 v.
348 1197 408 1258 539
431 1193 573 1259 conditor
600 1213 639 1259 ex
661 1193 795 1258 aliorum
817 1211 949 1258 numero
977 1197 1109 1275 praeter
1133 1194 1203 1260 Gal.
1227 1199 1260 1260 et
1280 1193 1359 1260 Phil.
1383 1195 1444 1261 nisi

373 1311 393 1358 1
414 1294 533 1358 nostris
554 1311 617 1358 non
638 1293 789 1358 traditur.
1138 1299 1146 1318 ’

353 1392 463 1457 Altero
474 1393 530 1458 hoc
538 1399 721 1478 arqumcalo
734 1393 836 1458 deado
847 1393 1001 1460 iudicium
1008 1413 1111 1458 meam
1119 1395 1280 1478 sinuatur,
1291 1393 1445 1460 Elliso'aon

290 1493 416 1556 inirtrla
437 1499 480 1557 tot
501 1489 622 1560 codices
643 1493 827 1578 rcepleaa'sse.

341 1795 379 1863 5.
412 1793 474 1864 Du
497 1791 769 1864 uunlslnnls
792 1792 844 1862 IV
866 1789 1121 1864 consolaus
1143 1792 1242 1864 CUM
1264 1792 1392 1864 VIND.

371 1951 372 1954 =
706 1907 1032 1982 COMPARATIS.

355 2092 434 2170 Sed,
456 2109 651 2174 quamquam
674 2091 821 2156 adhunc
843 2092 1068 2172 disputationis
1090 2093 1210 2157 exitum
1231 2093 1379 2176 perueni,
1409 2093 1442 2156 in

296 2193 434 2273 posteris
457 2193 642 2270 ostendam,
670 2210 721 2256 me
749 2193 781 2256 in
804 2211 839 2257 eo
861 2191 970 2256 Ellisio
993 2193 1141 2256 assentiri
1163 2192 1246 2274 quod
1268 2192 1442 2276 contendit,

295 2292 380 2376 Gal,
403 2292 491 2370 Tur,
514 2291 609 2370 Phil,
631 2291 715 2370 Par,
738 2292 976 2357 vindobonensi
991 2293 1171 2373 superiores
1187 2309 1268 2372 esse,
1290 2310 1365 2356 nam
1387 2293 1442 2374 qui

296 2391 529 2474 aliquantulum
552 2397 746 2474 apparatum
768 2392 930 2469 criticum,
953 2409 1047 2473 quem
1068 2392 1217 2474 quoniam
1239 2392 1361 2458 codices
1382 2393 1442 2474 ipsi

294 2492 371 2556 rnihi
386 2511 450 2556 non
471 2497 601 2574 praesto
624 2497 712 2569 sunt,
735 2492 836 2556 solurn
851 2491 1002 2558 exhibere
1017 2509 1161 2576 possum,
1182 2492 1440 2574 perlustrauerit,

294 2611 357 2656 nou
378 2591 479 2656 solurn
508 2591 687 2672 intelleget,
717 2592 833 2673 quibus
860 2593 937 2656 locis
963 2593 996 2656 in
1018 2592 1176 2658 codicibus
1204 2593 1266 2657 illis
1287 2597 1441 2673 quattuor
1467 2671 1469 2678 Ι

243 2710 252 2732 ·
293 2709 418 2756 errores
434 2696 525 2774 sunt,
547 2691 597 2756 his
612 2691 785 2772 plurimum
799 2692 892 2757 Vind.
909 2691 1056 2757 cumillis
1071 2691 1194 2775 lacere,
1216 2706 1329 2757 uerum
1344 2691 1441 2755 etiarn

293 2797 474 2875 cognoscet,
510 2809 630 2873 paucas
662 2791 839 2872 scripturas
872 2792 904 2854 in
936 2809 972 2856 eo
1003 2796 1146 2868 exstare,
1183 2809 1265 2873 quae
1294 2789 1440 2854 meliores

293 2892 510 2957 aestimandae
532 2892 597 2956 sint
613 2895 645 2955 et
660 2891 806 2956 omnibus
828 2891 1022 2973 probentur,
1045 2889 1135 2957 uelut
1155 2891 1226 2969 hae,
1248 2896 1286 2956 ut
1300 2909 1317 2955 1
1332 2889 1441 2972 paucis

294 2992 374 3056 duas
395 2990 573 3074 proferam:
1243 3007 1247 3018 ’

294 3109 323 3156 v.
349 3095 416 3156 139.
459 3092 553 3156 vind.
575 3090 675 3156 babet
695 3089 777 3156 bello
795 3111 904 3174 perora
925 3095 1038 3168 lecum,
1061 3089 1147 3172 quod
1169 3101 1319 3155 curcum
1333 3088 1443 3154 Ellisio

375 3192 408 3255 in
436 3197 536 3257 tecam
557 3191 766 3274 belloprato
787 3189 977 3256 mutandum
1005 3190 1130 3256 sitnon
1158 3189 1322 3272 intellego,
1351 3205 1444 3270 prae·

377 3291 489 3358 sertim
518 3309 589 3356 cum
612 3308 721 3355 omnes
742 3294 874 3370 excepto
897 3289 1038 3355 Galeano
1061 3289 1288 3369 suffragentur.
1331 3307 1361 3352 v.
1385 3292 1441 3352 211

377 3392 505 3456 Ellisius
535 3407 594 3472 pro
616 3389 745 3473 affulsit
765 3389 886 3472 (Vind.)
916 3395 974 3454 aut
1001 3389 1125 3474 effulsit
1146 3387 1323 3455 Galeanurn
1351 3407 1443 3452 suurn

376 3496 505 3556 secutus
536 3490 659 3570 recepit
688 3489 812 3568 illaad5
844 3507 902 3570 ego
931 3507 994 3554 nou
1015 3490 1136 3568 habeo,
1169 3507 1227 3555 cur
1256 3489 1289 3552 in
1317 3487 1444 3571 affulsit

376 3590 549 3666 offendam,
571 3589 762 3672 praesertim
783 3607 854 3654 cum
877 3590 1073 3656 meminerim

355 3691 432 3755 Aen.
455 3691 501 3768 11,
526 3693 584 3754 589
607 3707 671 3772 sq.:

418 3789 509 3856 Talia
529 3789 689 3854 iactabam
712 3793 745 3856 et
767 3788 889 3854 furiata
910 3795 1018 3854 ruente
1038 3788 1175 3867 ferebar,

390 3911 391 3914 ¹
419 3890 499 3954 Cum
521 3889 598 3954 mihi
619 3908 666 3973 se,
689 3907 752 3954 non
775 3895 850 3955 ante
872 3889 970 3954 oculis
992 3893 1059 3954 tam
1081 3889 1177 3973 clara,
1200 3887 1371 3953 uidendam

417 3989 543 4054 Obtulit
566 3994 599 4055 et
619 4009 702 4071 pura
723 4007 781 4070 per
803 3994 927 4054 noctem
950 3990 982 4052 in
1002 3989 1073 4054 luce
1096 3988 1225 4072 refulsit
1297 4029 1301 4036 ,

417 4089 511 4154 Alma
531 4108 650 4172 parens
673 4089 827 4174 [Venus.].

354 4189 446 4266 Hor,
469 4188 525 4254 Od.
549 4190 577 4272 I,
600 4189 677 4272 XII,
702 4193 757 4253 28:

788 4305 923 4369 quorum
944 4286 1038 4350 simul
1060 4287 1133 4352 alba
1153 4287 1263 4352 nautis

419 4387 519 4454 Stella
539 4387 683 4472 refulsit,
707 4405 753 4468 sq.
