3370 5102
740 427 946 488 ...49-

324 591 458 670 Quando
488 589 604 654 obierit
635 589 751 653 Petrus
773 589 915 670 Marsus,
948 606 1012 651 non
1045 592 1186 671 constat,
1221 605 1419 669 quamquam

262 691 437 756 Joecherus
465 689 571 780 nescio
601 706 665 769 qua
694 705 791 753 causa
813 691 989 752 commotus
1011 687 1097 764 uult,
1135 705 1207 751 eum
1229 704 1312 751 anno
1338 691 1419 750 1512

265 809 334 856 esse
356 788 556 865 defunctum3
578 791 687 851 tamen
709 786 768 852 hoc
789 786 991 866 exploratum
1012 789 1080 863 est,
1103 803 1176 849 eum
1198 801 1281 849 anno
1305 785 1422 850 aetatis

264 889 502 970 septuagesimo
523 885 653 969 obiisse,
676 886 761 966 quod
782 883 942 966 significat
962 884 1078 948 titulus
1099 884 1301 966 sepulcralis,
1327 903 1422 966 quem

265 987 449 1052 attulerunt
470 1004 543 1050 cum
565 985 619 1050 alii
640 990 710 1048 tum
732 981 873 1064 Toppius
895 982 993 1067 [Bibl.
1016 981 1130 1066 Neap]
1152 982 1202 1048 his
1223 982 1346 1047 uerbis:

323 1085 408 1170 ,Sta
430 1085 553 1166 sepolto
576 1083 664 1148 nella
686 1083 816 1148 sudetta
832 1081 948 1147 Chiesa
970 1081 1003 1147 di
1019 1082 1049 1148 S.
1061 1082 1203 1146 Lorenzo
1224 1083 1258 1145 in
1274 1083 1422 1165 Damaso,

266 1203 327 1250 con
351 1185 384 1249 la
405 1187 560 1264 seguente
582 1181 785 1247 Inscrittione
807 1186 975 1262 reportata
998 1179 1083 1245 dallo
1100 1180 1278 1246 Schradero
1300 1181 1333 1244 in
1356 1180 1422 1246 Mo

269 1287 411 1350 nument.
434 1283 506 1348 Ital.
529 1281 582 1348 fol.
609 1285 667 1348 140
689 1299 717 1346 a.
741 1285 780 1345 t.:

696 1379 832 1445 PETRO
854 1379 997 1444 Mauso

523 1481 621 1545 Aedis
643 1480 740 1544 huius
761 1480 798 1543 D.
821 1479 989 1544 Laurentii
1012 1478 1170 1542 Canonico

562 1579 640 1643 Viro
662 1578 845 1642 doctissimo
867 1582 901 1642 et
922 1575 1130 1657 integerrimo

413 1679 575 1743 Bonorum
597 1677 738 1741 omnium
759 1676 930 1741 honestato
949 1677 1100 1757 uotisque
1121 1674 1279 1755 expedito.

465 1777 619 1843 Ascanius
641 1776 769 1840 Marsus
790 1775 911 1840 Patruo
933 1774 1015 1839 bene
1037 1775 1174 1839 merenti
1193 1773 1228 1838 P.

586 1905 588 1910 ·
627 1874 698 1938 Vix.
722 1891 795 1938 anu.
817 1873 905 1937 LXX
926 1873 1010 1937 Men.
1033 1874 1074 1940 II.

330 1975 488 2056 Denique,
522 1974 549 2039 si
577 1974 778 2054 quaerimus,
812 1991 895 2054 quae
923 1971 1011 2038 Petri
1028 1972 1133 2036 'Marsi
1162 1972 1249 2053 apud
1274 1972 1421 2038 literatos

269 2073 461 2138 existimatio
482 2073 595 2156 fuerit,
618 2073 733 2136 mirum
756 2077 806 2137 est
827 2089 924 2152 quam
946 2071 1075 2136 diuersa
1094 2072 1159 2136 sint
1180 2072 1220 2137 de
1235 2089 1271 2135 eo
1293 2072 1425 2149 iudicia3

269 2191 360 2248 nam,
382 2176 420 2236 ut
442 2171 482 2236 ab
505 2172 574 2236 eius
596 2176 862 2252 contemporaneo
884 2171 986 2247 oriar,
1009 2169 1184 2234 Sabellicus
1207 2171 1247 2234 de
1269 2187 1425 2236 commen-

269 2269 362 2333 tariis
391 2270 425 2347 in
448 2269 560 2332 Silium
589 2273 622 2332 et
644 2269 803 2333 Ciceronis
824 2268 924 2332 libros
945 2268 992 2332 ita
1013 2267 1114 2332 uerba
1143 2267 1221 2331 facit
1242 2268 1295 2332 uel
1315 2269 1424 2350 potius

271 2366 453 2431 Guarinum
475 2365 528 2448 [de
548 2366 569 2428 l.
590 2365 647 2430 lat.
669 2366 751 2448 rep]
775 2366 994 2446 disputantem
1016 2365 1106 2431 facit:
1130 2369 1280 2446 ,exstant
1302 2365 1370 2430 eius
1392 2367 1426 2430 in
1538 2363 1540 2366 ’

271 2463 384 2530 Silium
398 2464 546 2546 Italicum
562 2465 789 2530 commentarii
803 2466 906 2530 multa
921 2465 1100 2529 eruditione
1114 2463 1238 2540 referti,
1261 2463 1318 2530 sed
1332 2464 1427 2544 longe

271 2563 416 2641 utiliora,
440 2565 578 2646 quaein
601 2564 760 2630 Ciceronis
782 2582 881 2644 opera
903 2563 1121 2646 conscripsit“,
1145 2581 1170 2626 e.
1188 2580 1217 2642 q.
1241 2579 1270 2640 ες
1294 2564 1426 2628 sanein

270 2661 334 2728 fine
355 2661 495 2738 fatetur,
518 2664 551 2728 in
573 2663 677 2744 poetis
699 2663 893 2744 explicandis
917 2669 949 2728 et
971 2663 1131 2729 acutiores
1154 2666 1187 2726 et
1201 2661 1351 2728 cultiores
1366 2680 1424 2728 suo

269 2761 386 2826 iudicio
408 2761 503 2840 alios,
524 2769 562 2828 ut
582 2762 758 2828 Antonium
780 2762 944 2840 Volscum,
974 2760 1088 2840 luisse,
1118 2760 1212 2840 alius,
1244 2760 1426 2826 Ludouicus

270 2859 371 2924 Vinus
402 2859 502 2944 [apud
525 2861 721 2941 Gesnerum,
751 2860 772 2922 f,
796 2860 885 2944 550],
908 2860 1065 2941 ,Petrum
1087 2859 1231 2925 Marsum
1259 2861 1292 2924 in
1314 2859 1427 2926 Officia

270 2955 430 3022 Ciceronis
459 2957 653 3038 loquacitate
675 2975 778 3038 paene
806 2958 1064 3022 intolerabilem“
1096 2963 1205 3035 uocat;
1239 2977 1302 3024 uon
1325 2959 1425 3024 multo

269 3055 374 3118 minus
407 3053 559 3120 acerbum
590 3056 763 3121 secundum
793 3057 941 3136 Baylium
969 3057 1145 3139 Dausqueii
1177 3057 1329 3122 iudicium
1362 3062 1424 3122 est:

269 3151 402 3236 ,Silium
416 3153 638 3218 immerentem
662 3171 699 3218 ac
720 3152 760 3218 de
781 3153 848 3218 lato
869 3173 926 3220 suo
942 3158 1138 3220 maerentem
1157 3155 1332 3236 conspicati
1357 3161 1425 3222 tres

268 3251 332 3315 uiri
357 3251 433 3317 licet
453 3251 586 3317 humani
607 3251 708 3318 habiti
730 3254 896 3334 suppetias
918 3253 1004 3320 ferre
1026 3254 1150 3318 connixi
1172 3259 1264 3338 sunt,
1288 3254 1424 3338 Marsus

270 3349 395 3416 Modius
418 3355 451 3416 et
466 3357 579 3417 auctor
593 3350 866 3434 Crepundiorum,
889 3353 946 3416 sed
970 3357 1028 3417 aut
1050 3353 1141 3418 nouis
1163 3353 1309 3418 saeuiere
1324 3354 1428 3434 plagis

272 3454 331 3514 aut
361 3449 487 3514 hiantia
518 3450 656 3516 uulnera
689 3450 874 3516 diduxere.“
918 3451 1038 3516 Tamen
1068 3450 1174 3514 addit:
1210 3451 1429 3534 „ignoscibilis

270 3547 400 3632 quidem
422 3549 522 3614 Marsi
542 3549 702 3630 ignoratio
723 3554 757 3614 et
778 3551 885 3616 seculo
908 3549 1070 3628 donanda3
1094 3549 1298 3632 simplicitate
1319 3552 1429 3617 nocuit

270 3666 328 3714 nec
351 3647 477 3713 ualde.“

331 3745 394 3812 Sed
416 3765 479 3812 non
511 3745 629 3814 desunt
650 3747 705 3829 qui
726 3749 838 3814 melius
869 3748 908 3812 de
930 3747 989 3812 hoc
1010 3747 1194 3813 humanista
1222 3747 1381 3827 iudicent,
1411 3767 1429 3814 e

270 3862 407 3926 quorum
417 3845 543 3911 iudiciis
553 3852 685 3927 praeter
698 3846 844 3912 Sabellici
854 3847 959 3911 locum
970 3865 1069 3928 supra
1081 3845 1276 3926 exscriptum
1286 3847 1427 3912 Leandri

271 3941 397 4008 Alberti
412 3943 513 4010 uerba
524 3941 703 4012 afferantur
719 3946 818 4030 [apud
831 3945 1006 4030 Baylium]:
1024 3945 1141 4028 ,Cosa
1156 3945 1275 4026 piccolo
1287 3946 1429 4026 castello,

271 4042 380 4124 patria
410 4043 463 4123 gia
485 4043 518 4108 di
539 4043 647 4108 Pietro
668 4043 777 4110 Marso
806 4045 922 4109 huomo
954 4044 1051 4109 molto
1082 4044 1237 4109 litterato.
1280 4044 1308 4108 Il
1336 4045 1430 4126 quale

274 4141 352 4206 colle
373 4159 431 4206 sue
453 4141 609 4222 singulari
630 4143 761 4222 uirtuti,
795 4142 838 4208 ha
868 4143 1030 4208 illustrato
1059 4147 1173 4224 questo
1201 4142 1313 4225 lungo,
1344 4160 1431 4208 come

272 4239 489 4304 chiaramonte
518 4257 686 4306 conoscere
715 4241 742 4307 si
771 4259 835 4322 puo
866 4241 940 4306 dall’
971 4259 1067 4324 opere
1098 4240 1140 4306 da
1174 4239 1220 4305 lui
1250 4239 1384 4305 lasciate
1413 4260 1431 4306 e

271 4335 530 4403 massimamente
561 4337 639 4403 dalli
665 4337 882 4404 commentari
914 4338 989 4404 lacti
1020 4355 1119 4420 supra
1155 4337 1243 4403 Sillio
1275 4337 1386 4404 Italico
1399 4339 1415 4372 “
1422 4360 1430 4418 3

272 4435 350 4501 item
362 4434 578 4516 Gomignanus
593 4435 647 4519 [de
662 4435 740 4503 uiris
754 4437 797 4501 ill.
809 4435 1003 4515 Marsorum,
1020 4455 1050 4520 p.
1066 4437 1140 4520 209]
1153 4455 1226 4502 eum
1238 4435 1431 4522 eruditione,

273 4531 360 4599 lama
380 4532 522 4600 scientiis
546 4533 704 4615 insignem
725 4541 829 4600 uocat.
873 4535 985 4616 Neque
1005 4537 1161 4600 minorem
1188 4533 1433 4601 admirationem

1315 4633 1335 4688 a
