3370 5102
755 285 958 346 ..24-

275 447 375 530 scipio
397 451 471 524 508,
492 467 610 514 cueuus
633 450 707 529 513,
729 446 930 527 astucidequc
953 451 1026 527 515,
1057 450 1140 510 stuic
1162 463 1220 525 pro
1241 449 1352 510 trunco
1374 443 1427 526 ib„

280 546 496 627 sollicitusque
516 565 574 627 pro
596 537 792 627 sollicitoque
815 550 892 629 559,
920 545 1089 630 iclcpouius
1111 549 1145 610 55
1166 543 1342 628 5515555555
1370 562 1428 625 555

277 645 329 710 lcii
354 666 455 728 55555
485 649 560 729 567,
598 645 754 726 Quemque
782 667 898 710 uremur
925 647 1030 711 succis
1058 664 1118 727 pro
1143 645 1240 724 Quem
1261 663 1377 708 mernor
1409 665 1430 707 u

282 746 390 810 succis
416 748 485 822 622,
508 749 653 825 certaque
673 744 703 810 h.
720 762 744 810 c.
761 749 906 826 cretaque
921 748 995 824 512;
1018 743 1104 808 55155
1125 749 1256 826 5555555
1278 742 1303 806 Τ
1323 743 1428 806 uictus

281 862 338 924 pro
370 845 509 925 quintus.
560 842 652 908 Solus
676 848 840 925 tamquam
867 843 961 908 aliter
988 843 1106 909 lectum
1132 847 1289 908 memorat
1316 861 1344 906 v.
1367 845 1428 906 488

275 943 390 1026 dumus
400 945 425 1006 ‘t

334 1060 381 1124 Ac
412 1060 548 1141 primurn
571 1059 698 1140 quidem
729 1059 769 1124 de
790 1079 818 1124 v.
851 1061 912 1125 463
933 1059 1063 1125 Ellisius
1091 1062 1188 1124 errat.
1230 1058 1316 1122 Dicit
1337 1058 1429 1136 enim,

275 1158 456 1224 Conradum
476 1158 596 1223 habere
611 1160 747 1243 5155555,
768 1159 834 1242 aed,
857 1159 969 1241 siquis
990 1159 1093 1240 ipsius
1118 1157 1220 1222 Ellisii
1235 1177 1344 1222 comm.
1360 1157 1428 1222 crit.

274 1259 441 1338 emoluerit,
468 1258 530 1323 alia
550 1259 591 1322 ab
613 1277 650 1324 5ο
673 1260 712 1324 515
738 1259 884 1324 Conrado
911 1262 1067 1323 annotata
1109 1257 1264 1322 inueniet:
1295 1257 1428 1339 11555155

273 1358 364 1422 beros
379 1357 432 1421 uel
446 1357 541 1422 aliter
554 1363 592 1421 ui
612 1358 743 1438 legatur
771 1359 914 1440 cipimus,-
934 1362 1108 1439 utrumque
1122 1375 1199 1421 uero
1215 1356 1331 1424 abcubi
1349 1357 1429 1440 lego,

273 1477 345 1522 nam
361 1457 494 1542 lipacius
508 1457 541 1520 15
553 1462 690 1538 utroque
700 1457 886 1535 Petauian0‚
899 1458 1045 1540 55555155
1061 1457 1138 1540 [555
1149 1455 1250 1521 solum
1273 1455 1430 1538 cipueius]

272 1558 305 1622 in
332 1557 376 1622 Ol.
400 1555 486 1621 Sarr.
509 1556 614 1622 codice
636 1557 812 1640 [„testante
833 1557 993 1634 Heinsio“‚
1017 1556 1135 1639 Merk]
1162 1560 1276 1622 exstat.

335 1691 362 1737 v.
388 1677 447 1738 513
469 1679 507 1739 ut
528 1673 576 1752 de¹
590 1692 618 1738 u.
641 1676 702 1738 463
724 1674 784 1738 sibi
806 1674 968 1740 contraria
993 1673 1084 1738 dicit.
1127 1672 1222 1754 Apud
1245 1671 1426 1736 Conradum

273 1793 390 1838 555555
416 1773 480 1854 legi
511 1773 545 1836 in
571 1773 692 1854 proleg.
725 1773 840 1857 tradit,
873 1773 907 1836 in
929 1792 1001 1855 app.
1031 1772 1140 1837 critico
1163 1777 1200 1836 ut
1224 1771 1425 1852 scripturam

273 1872 410 1937 Conradi
431 1873 594 1954 propriam
615 1873 729 1937 ebenus
744 1874 780 1956 1);
804 1874 932 1938 minime
953 1872 1123 1954 probanda
1141 1876 1191 1936 555
1211 1876 1305 1936 55555
1319 1871 1425 1950 negle-

273 1973 389 2052 gentia.
433 1972 546 2037 ebenus
562 1990 639 2036 uero
659 1973 744 2038 inest
764 1973 797 2035 in
818 1973 940 2038 incerto
968 1971 1091 2050 codice,
1116 1989 1209 2053 quem
1233 1978 1328 2036 uocat
1342 1971 1425 2035 Mer-

273 2071 391 2150 keliuS‚
413 2070 537 2154 Monet,
561 2071 686 2137 duobus
708 2072 811 2136 Berol.

334 2207 361 2251 v.
386 2191 445 2251 515
468 2187 613 2269 quamuis
635 2205 698 2251 non
720 2188 846 2252 omnino
868 2187 952 2252 idem
976 2185 1191 2269 Astacideque
1215 2193 1326 2252 tamen
1354 2205 1426 2267 pro-

273 2287 355 2352 xime
377 2287 529 2351 accedens
552 2285 598 2370 [et
620 2287 660 2351 ab
677 2287 747 2350 aliis
767 2287 857 2352 libris
880 2287 1069 2370 abhorrens]
1092 2287 1125 2350 in
1140 2287 1245 2352 codice
1262 2287 1426 2352 Francisci

273 2387 393 2471 Jureti,
429 2387 470 2452 ab
498 2387 628 2452 Heinsio
661 2389 834 2453 ueterrimo
862 2394 1060 2473 nuncupato,
1094 2389 1209 2472 „uelut
1237 2390 1364 2470 gemina
1392 2388 1424 2450 in

273 2492 412 2554 stercore
433 2492 565 2554 seruata
575 2487 600 2571 “,
623 2492 661 2552 ut
681 2488 827 2552 Merkelii
848 2489 955 2554 uerbis
978 2494 1067 2571 utar,
1089 2493 1208 2554 exstat:

416 2587 649 2668 Astacidaeque
669 2588 761 2652 modo
782 2589 837 2668 qui
859 2587 967 2668 Tydea
988 2587 1081 2662 misit
1095 2587 1136 2652 ad
1157 2587 1288 2652 umbras

420 2704 483 2750 non
504 2686 635 2766 impune
656 2690 765 2752 tamen
860 2693 913 2752 cet.
989 2699 994 2712 ·

334 2803 375 2868 ad
396 2821 425 2867 5.
448 2806 507 2868 293
530 2803 589 2868 ait:
612 2803 724 2887 „solus
745 2810 877 2885 praeter
898 2804 958 2889 T2)
980 2806 1086 2870 uictus
1107 2823 1165 2887 pro
1188 2805 1317 2886 quintus
1331 2803 1356 2866 “.

340 2903 391 2968 bic
413 2907 463 2968 est
483 2920 613 2968 uersus:

271 3022 337 3084 Α55
357 3023 395 3084 55
415 3019 640 3085 Echecratides
661 3039 777 3102 magno
799 3026 850 3086 555
871 3021 911 3086 ab
934 3020 1073 3086 Hercule
1096 3022 1227 3103 quintus

271 3119 298 3186 si
319 3119 387 3186 Ρ55.
407 3119 538 3186 membr.
562 3120 763 3201 contulisset,
785 3120 916 3201 legisset
930 3121 1066 3188 Hercule
1087 3123 1192 3187 uictus
1214 3122 1316 3206 [uulg.
1339 3121 1421 3205 scr.].

332 3235 401 3301 Hac
422 3254 459 3301 55
480 3234 628 3302 absoluta
649 3236 732 3301 sicut
754 3238 914 3319 saprade
942 3238 1018 3303 locis
1041 3238 1183 3304 Geleano
1205 3237 1423 3320 peculiaribus

272 3335 319 3400 ita
341 3353 426 3400 nunc
446 3353 573 3417 quoque
593 3353 683 3419 rogo,
706 3354 763 3402 cur
783 3337 912 3402 Ellisius
935 3337 1034 3402 dicat:
1058 3337 1159 3418 „buce
1178 3337 1363 3404 Ooucudum
1385 3337 1423 3402 cie

272 3435 369 3502 Mure
382 3435 535 3518 perbouis
557 3435 716 3500 codicibus
737 3455 834 3500 usuua
855 3456 924 3500 esse
944 3437 991 3502 sic
1017 3437 1167 3521 iutellepo.
1214 3437 1308 3502 Solus
1330 3435 1422 3502 bubei

271 3535 358 3618 [uide
372 3535 484 3618 55555]
497 3585 504 3598 .
518 3585 525 3598 .
538 3535 576 3612 .“‚
599 3539 668 3617 eet,
690 3540 797 3599 tamen
819 3535 973 3616 plurimas
987 3541 1135 3618 spernat,
1159 3541 1197 3602 ut
1212 3536 1291 3602 alios
1316 3535 1422 3602 fontes

270 3637 439 3715 sequatur,
462 3651 597 3715 quorum
617 3634 734 3699 multos
757 3635 810 3714 qui
833 3633 1014 3700 fuerintne
1036 3637 1190 3702 certiores
1212 3636 1341 3718 quidem
1365 3655 1422 3701 nos

275 3733 372 3799 lacit?
414 3733 456 3798 Hi
477 3733 536 3799 loci
556 3740 791 3815 proponantur:
926 3741 931 3750 '

276 3888 460 3898 ——

336 3968 357 4036 ¹)
380 3967 459 4023 Hanc
476 3983 536 4024 5555
558 3969 635 4026 conr.
654 3971 817 4040 scripturam
839 3989 946 4040 ueram,
969 3989 992 4026 v.
1016 3976 1065 4029 328
1088 3973 1275 4029 demonstrare
1314 3975 1422 4031 uidetur

270 4051 316 4106 ubi
333 4051 473 4106 1155555155
490 4068 544 4108 555
560 4053 676 4121 Α15555,
694 4054 743 4109 aed
760 4054 859 4109 Alebus
876 4055 950 4122 legit.

334 4131 354 4200 ²)
376 4132 418 4190 Ne
440 4134 512 4190 hunc
534 4134 642 4202 quidem
662 4136 782 4192 codicem
805 4137 895 4192 omnia
911 4137 963 4191 cibi
984 4137 1135 4204 peculiaria
1158 4139 1328 4208 hebereos,
1351 4156 1422 4208 quae

270 4215 336 4272 dicit
352 4216 477 4284 Efficias,
500 4217 571 4286 quod
588 4218 677 4274 elucet
694 4234 709 4273 5
732 4236 755 4272 v.
772 4222 834 4287 211,
857 4219 904 4273 ubi
920 4219 1024 4287 affulsit
1040 4237 1094 4276 sec.
1112 4221 1198 4278 Merit
1217 4230 1363 4292 praeterea
1392 4224 1421 4278 in

270 4300 336 4368 Rea
354 4300 441 4356 chart.
457 4300 540 4368 inest,
559 4316 659 4370 operae
676 4302 799 4368 pretium
816 4318 870 4357 non
886 4302 984 4359 habeo.
