3370 5102
742 310 947 373 ..23-

271 469 398 548 ibiesti,
423 472 483 534 627
508 469 620 549 Oresti,
644 471 703 535 502
717 470 884 554 poptopce
905 471 957 536 uel
972 493 1116 556 peropto,
1140 475 1201 536 ola
1222 471 1337 538 ebenus
1361 487 1420 552 pro

268 589 396 646 coccos,
420 572 480 634 549
504 567 670 634 Siccam
691 586 750 650 pro
774 569 939 648 θὺναοοεόο,
963 575 1024 636 600
1049 570 1194 654 Orpbcon
1214 569 1267 636 nel
1294 567 1421 652 Orphei

266 687 325 749 pro
350 666 500 750 orphaea,
524 671 584 732 oet.
1308 687 1311 696 ·

329 767 567 848 Speciosissima
581 765 661 832 baec
678 768 822 850 exempla
838 786 878 834 no
894 787 988 850 quem
1002 767 1131 848 fallant,
1146 785 1221 834 nam
1236 786 1299 833 non
1314 769 1421 836 omnia

270 885 343 932 eum
364 871 452 932 recte
478 865 640 945 docuisse,
672 885 741 932 esse
765 866 881 951 libros,
913 868 967 950 qui
988 867 1066 934 alias
1094 867 1245 934 lectiones
1266 867 1417 950 habeant,

268 984 348 1047 quas
369 965 520 1047 equidem
541 983 604 1029 non
626 971 794 1048 corruptas
816 984 885 1032 esse
906 967 974 1032 sine
994 967 1060 1032 ullo
1081 967 1209 1048 negotio
1230 967 1291 1049 ipsi
1312 967 1421 1034 Ellisio

268 1065 468 1148 persuadebo
501 1070 538 1130 ut
572 1065 609 1148 ei,
640 1065 695 1146 qui
723 1070 874 1147 corrupta
903 1067 967 1132 ista
994 1065 1171 1132 adiuuante
1198 1066 1326 1147 ingenio
1355 1085 1421 1132 cor-

267 1165 396 1244 rexerit,
418 1170 464 1244 at,
487 1164 607 1231 scilicet
626 1164 762 1245 ignarus
781 1163 926 1250 fontium,
949 1167 982 1230 in
1001 1170 1126 1231 textum
1140 1185 1235 1232 snum
1247 1167 1416 1247 receperit,

268 1285 307 1332 ex
338 1265 388 1331 his
420 1265 498 1331 locis
524 1264 710 1346 apparebit:
738 1282 767 1329 u.
790 1268 849 1330 359
883 1265 915 1330 in
937 1283 1000 1330 nno
1031 1265 1113 1331 libro
1139 1267 1180 1331 ab
1201 1265 1309 1330 Ellisio
1336 1265 1422 1348 quod

268 1365 356 1432 dictu
371 1365 426 1429 uix
438 1382 518 1446 opus
534 1368 584 1430 est
594 1364 788 1448 praeterito,
803 1364 970 1431 Moretano
982 1365 1056 1449 [sec.
1068 1364 1194 1448 Merlo],
1209 1381 1273 1429 non
1289 1365 1418 1442 Thiara,

268 1465 353 1546 quod
388 1462 534 1529 omnibus
572 1463 732 1529 codicibus
768 1483 932 1531 commune
968 1483 1038 1530 esse
1077 1463 1170 1543 dicit,
1211 1463 1329 1542 inueni,
1366 1464 1422 1530 sed

271 1564 419 1648 Thyesti,
453 1562 538 1645 quod
559 1562 644 1628 idem
675 1562 805 1628 Ellisius
842 1583 860 1629 e
888 1564 1027 1630 Conradi
1055 1564 1095 1630 de
1115 1563 1209 1629 Mure
1233 1563 1422 1645 Repertorio

269 1663 507 1732 Vocabulorum
521 1741 524 1748 Ι
539 1663 769 1745 exquisitorum
800 1668 838 1729 ut
870 1666 900 1730 ei
930 1664 1092 1746 peculiare
1123 1663 1252 1746 recepit.
1299 1664 1423 1730 Deinde

269 1783 298 1828 v.
312 1767 372 1828 600
392 1781 477 1828 unus
499 1761 675 1832 Vaticanus
697 1782 757 1830 seo.
771 1764 872 1832 Merk.
894 1783 953 1830 nec
971 1763 1096 1846 opaea
1116 1751 1175 1830 nec
1199 1763 1345 1850 Orpbeoa
1358 1781 1418 1830 nec

274 1861 446 1946 Orpheum,
479 1862 564 1942 qnod
585 1861 716 1928 Ellisius
745 1863 842 1928 etiam
873 1864 906 1930 in
928 1863 1135 1930 annotatione
1156 1862 1304 1928 editionis
1326 1881 1356 1944 p.
1380 1867 1420 1927 38

273 1963 365 2028 docet
378 1960 545 2045 [orpheum
561 1979 622 2027 seo.
635 1962 702 2027 coll.
720 1962 843 2028 Heinsii
858 1963 944 2045 apud
959 1962 1061 2028 Merk.
1076 1962 1110 2028 in
1120 1961 1265 2028 Francos.
1277 1961 1420 2045 legitur],

271 2061 379 2139 habet,
402 2061 459 2127 sed
479 2079 594 2126 uerum
615 2061 762 2144 orpbeos;
791 2069 946 2141 ceterum,
968 2067 1006 2128 ut
1027 2067 1187 2144 repetam,
1217 2062 1302 2144 quod
1323 2080 1421 2144 supra

271 2161 399 2240 notaui,
428 2161 488 2226 hoc
509 2178 635 2244 quoqne
657 2159 699 2226 ad
720 2178 824 2227 meam
845 2161 1037 2228 sententiam
1058 2161 1201 2244 onomat
1221 2161 1306 2244 quod
1326 2160 1420 2227 lectio

272 2281 300 2326 v.
318 2265 376 2326 135
398 2261 526 2344 ioaypes
548 2260 609 2326 nisi
630 2260 663 2324 in
685 2259 917 2328 Herculanensi
937 2261 1018 2326 libro
1040 2278 1104 2326 non
1125 2266 1240 2327 exstat.
1275 2261 1421 2343 Denique

273 2381 300 2425 v.
317 2364 376 2426 328
397 2383 436 2441 ,a
452 2359 553 2426 Joae“
579 2359 656 2425 dicit
677 2357 861 2444 Merkelius,
883 2379 1012 2444 ,omnes
1032 2359 1107 2426 libri
1127 2365 1263 2442 praeter
1282 2360 1420 2442 primum

272 2460 481 2526 Mediceum“.

331 2559 393 2626 Sed
408 2559 537 2625 maioris
552 2559 703 2625 momenti
726 2577 763 2624 ea
784 2564 873 2638 sunt,
897 2577 979 2642 quae
1001 2577 1040 2625 ex
1061 2558 1129 2624 eius
1151 2559 1244 2628 dictis
1258 2557 1335 2624 mibi
1356 2559 1421 2625 iam

272 2665 350 2727 sunt
369 2660 603 2742 restringenda.
700 2708 703 2718 .

365 2959 399 3029 li.
434 2957 495 3030 ΒΕ
519 2957 736 3030 OONRADI
758 2959 820 3029 bn
842 2959 977 3031 lllURll
999 2957 1318 3030 Rurnuroltlo.

331 3141 512 3207 conradum
540 3141 630 3206 illum
659 3142 699 3207 de
726 3142 836 3226 Mure,
866 3148 904 3208 ut
931 3142 971 3208 de
1000 3143 1059 3208 boc
1088 3142 1121 3208 in
1148 3141 1286 3225 posteris
1316 3143 1418 3208 uerba

270 3242 401 3320 faciam,
423 3241 574 3323 perbonis
596 3242 756 3308 codicibus
777 3261 872 3309 usum
886 3260 955 3308 esse
975 3241 1050 3307 inde
1070 3242 1230 3322 intellegit
1251 3241 1336 3325 quod
1357 3262 1420 3307 non

268 3341 372 3407 nullas
393 3342 545 3408 lectiones
567 3343 662 3426 [sunt
682 3342 779 3421 ΧΠΙ,
809 3343 870 3408 nisi
892 3341 1008 3424 fallor]
1031 3342 1118 3408 solus
1138 3341 1266 3407 habeat.
1306 3343 1349 3408 Ut
1370 3342 1422 3408 bic

268 3460 332 3506 non
353 3441 455 3522 magis
485 3459 582 3522 quam
611 3441 702 3507 initio
725 3443 871 3508 omittam
904 3458 1072 3522 quaerere,
1103 3446 1214 3506 utrum
1234 3440 1309 3506 libri
1329 3458 1422 3523 prae

269 3541 389 3607 stantia
413 3541 446 3606 in
473 3540 534 3606 hoc
558 3542 707 3622 ponenda
730 3543 786 3625 sit,
816 3545 895 3622 quot
917 3541 981 3607 sint
1006 3540 1156 3607 lectiones
1181 3540 1359 3621 peculiares
1380 3559 1422 3605 an

268 3642 395 3724 quales,
420 3640 511 3710 ,sicut
537 3659 636 3724 supra
658 3642 698 3708 de
721 3642 784 3707 alia
805 3660 841 3707 re
862 3642 1086 3722 anquiramue,
1113 3640 1421 3723 quemadmodum
1524 3677 1527 3684 ·

268 3740 330 3806 illis
351 3758 428 3806 usus
450 3741 501 3807 sit.

331 3839 451 3904 Tamen
481 3840 571 3922 prius
598 3839 705 3906 facere
734 3860 796 3906 non
824 3859 952 3924 possum
977 3840 1054 3923 quin
1074 3839 1126 3906 hic
1154 3857 1280 3923 quoque
1311 3839 1418 3907 Ellisio

272 3939 352 4004 uitio
386 3940 529 4005 tribuam
551 3941 636 4022 quod
669 3947 736 4007 tam
758 3942 967 4024 neglegenter
988 3941 1148 4008 codicibus
1173 3959 1250 4008 usus
1275 3946 1338 4024 est,
1370 3941 1424 4006 nal

268 4039 375 4121 potius
404 4057 468 4104 non
498 4042 745 4107 contemnendos
773 4043 927 4124 neglexit3
957 4043 1076 4108 iterum
1107 4042 1190 4108 anim
1217 4041 1421 4108 eueteribus

270 4137 428 4204 codicibus
450 4157 514 4204 non
535 4159 632 4206 unam
653 4142 822 4208 lectionem
844 4143 1054 4225 inuestigaui3
1075 4142 1140 4208 iam
1160 4141 1247 4207 uide!
1277 4141 1366 4206 Haec
1385 4146 1423 4206 ut

269 4239 408 4306 Conradi
420 4241 553 4324 propria
568 4246 702 4307 annotat
722 4262 752 4325 p.
764 4243 851 4308 LIII:
875 4242 1015 4323 ,redemi
1029 4260 1088 4324 pro
1103 4241 1216 4308 redimi
1231 4244 1308 4320 281,
1331 4245 1420 4324 terpo

269 4339 416 4424 propelle
427 4344 496 4428 319,
508 4339 663 4407 esebimeo
674 4345 743 4426 330,
756 4341 971 4426 colliricesqoe
983 4347 1052 4434 343,
1066 4343 1193 4428 ciperem
1205 4343 1276 4420 463,
1287 4346 1422 4407 uenator
