3370 5102
770 354 978 417 ,51-

289 521 415 586 inuitus
431 523 586 602 parentes
606 519 763 596 necasset,
786 517 913 602 aufugiit
931 518 968 582 in
982 515 1183 582 Laconicam.
1203 465 1358 581 ‘Acbbbus
1378 516 1452 579 dens

284 625 382 702 poeta
412 621 491 703 ficit,
524 619 580 702 qui
600 617 721 684 acaum
745 637 843 701 aprnn
863 616 971 684 ocutos
998 617 1116 682 anisi.
1159 613 1198 680 dc
1221 613 1279 680 boc
1311 612 1452 696 moretur

297 718 446 784 Ouidius.

351 817 393 881 ud
407 835 437 880 v.
453 819 512 880 555
521 815 716 898 potniudam
729 816 846 882 subeas
859 863 866 878 .
881 865 888 880 .
901 815 924 898 .]
939 814 961 879 f.
973 815 1076 879 nssb:
1096 801 1216 880 Glauci
1229 819 1294 878 tres
1308 814 1449 896 fuerunt.

287 915 431 1002 [ferunt]
459 915 505 980 ‘de
539 935 603 981 uno
631 915 818 980 mentionem
853 914 927 998 fecit
964 912 1103 978 Ouidius
1139 915 1174 978 in
1208 911 1451 993 nntamorpbosi

290 1014 391 1098 [XIIL
407 1013 490 1096 904]‚
514 1013 552 1078 de
573 1013 697 1078 donabus
713 1013 879 1096 nraoo1),
907 1011 945 1077 de
964 1013 1054 1077 tertre
1077 1011 1284 1096 ticopbroni).
1303 1010 1448 1095 plancus,

289 1113 328 1179 de
350 1133 411 1196 quo
432 1134 517 1179 nunc
530 1112 688 1194 incudm,
711 1113 897 1177 nnmionem
916 1113 997 1195 facit
1010 1111 1133 1190 strabo,
1155 1111 1238 1175 muer
1253 1110 1401 1192 potniam
1421 1113 1450 1174 et

290 1212 400 1278 dircen
418 1214 521 1295 fontes
543 1211 709 1277 tbcbarum
730 1231 886 1294 equarum
910 1212 1021 1294 furare
1042 1209 1238 1275 ddaceratus
1260 1214 1323 1289 est3
1359 1207 1448 1275 Unde

282 1300 455 1393 potniades
470 1309 651 1393 appodiatm
665 1331 687 1375 a
699 1311 786 1393 fonto
793 1310 917 1392 poinia.
937 1307 1095 1386 Glaucus,
1113 1307 1151 1373 de
1165 1327 1227 1390 pua
1235 1313 1349 1389 poetae
1361 1327 1447 1372 mcu-

287 1411 402 1476 tioncm
428 1411 566 1493 faciunt,
596 1409 686 1491 apud
706 1408 926 1474 Anthedonem
951 1408 1111 1473 ciuitatem
1138 1405 1290 1471 Boeotiae
1318 1405 1444 1489 [boetia]

286 1509 322 1574 in
350 1507 496 1573 balenum
521 1526 697 1572 conuersus
726 1506 806 1589 fuit;
825 1506 986 1589 papinius
1011 1507 1046 1570 in
1077 1504 1172 1570 sibcis
1205 1505 1280 1590 [HL
1314 1509 1349 1584 2,
1383 1503 1446 1586 38],

289 1607 423 1689 ,patriis
444 1606 587 1686 quotiens
607 1604 760 1670 amatur
773 1606 849 1684 oris,
872 1604 1035 1670 Ieitcream
1053 1603 1173 1670 blanda
1192 1604 1312 1686 feriens
1326 1602 1446 1668 Antbe-

288 1705 373 1770 dona
395 1703 534 1769 cauda.“

351 1801 513 1880 tustinus,
545 1801 753 1880 Plutarchus,
785 1803 946 1870 Diodorus
977 1806 1111 1884 praetor
1133 1801 1252 1866 allatas
1282 1800 1367 1890 locos
1394 1800 1446 1866 his

289 1899 397 1967 fontes
418 1897 565 1966 inurunt:

350 1999 392 2065 ad
413 2017 443 2063 r.
460 2002 517 2063 301
542 1998 612 2064 Aut
631 2004 668 2064 ut
689 1999 901 2083 acbdteiden]
922 2000 943 2065 f.
960 2001 1063 2064 nilo:
1080 1999 1228 2083 pyrrbus
1250 1998 1445 2080 epirotarum

287 2119 346 2164 rea
380 2099 514 2182 fucatus
548 2118 586 2162 ea
616 2098 708 2164 italia
738 2121 759 2164 a
790 2099 949 2178 rbmanis,
983 2099 1094 2165 deiude
1125 2119 1146 2163 a
1172 2097 1337 2182 spartanis
1365 2118 1445 2179 pro-

282 2197 439 2279 pulsatus
476 2202 530 2260 est.
573 2217 609 2262 se
647 2197 777 2262 contulit
809 2218 904 2280 arpos
940 2199 985 2262 ad
1012 2197 1221 2262 obsidendum
1251 2197 1443 2280 antiponum,

286 2295 342 2358 ubi
369 2315 390 2358 a
417 2293 548 2359 mutiam
576 2293 720 2378 [mulera]
752 2295 838 2359 iacta
859 2294 964 2378 tepula
985 2300 1116 2360 uocatus
1144 2299 1199 2360 est.
1240 2293 1376 2378 Tepula,
1409 2299 1446 2358 ut

281 2391 485 2476 pbctarebas,
496 2392 524 2477 ³)
545 2401 638 2471 sarab,
658 2397 695 2458 ut
711 2392 835 2475 Tropus
845 2393 1015 2474 pompeius
1026 2395 1064 2475 i).
1089 2393 1285 2458 Restitutum
1304 2391 1445 2458 cadmum

287 2490 395 2557 bobeno
414 2490 499 2574 pilio,
532 2514 554 2557 a
583 2512 644 2574 qno
664 2489 783 2574 [aquo]
803 2489 940 2556 rotatum
961 2492 1062 2556 estin
1083 2491 1291 2556 Ambraciam
1313 2489 1442 2568 auitam,

286 2591 341 2655 ubi
361 2591 462 2656 iacuit
482 2589 674 2674 insepultam
694 2590 777 2655 irata
792 2589 923 2672 populo.

348 2689 391 2755 ad
405 2708 434 2756 v.
447 2693 507 2754 265
526 2689 594 2771 Quo
608 2690 825 2773 praecipiente
846 2688 988 2756 cobumba
1002 2689 1015 2774 ]
1031 2687 1052 2753 f.
1066 2692 1164 2753 269n:
1188 2687 1290 2772 Apud
1309 2685 1444 2753 tatinum

286 2789 440 2852 nemmem
464 2789 593 2854 muenia
619 2789 729 2854 datum
757 2789 862 2871 fuisse
883 2785 1037 2872 optineo
1059 2787 1234 2854 calmubam
1255 2787 1425 2870 arponaut'

285 2884 503 2967 nominationis
534 2885 656 2964 ducam,
690 2889 840 2968 quamuis
875 2887 910 2951 id
940 2887 1077 2952 breuiter
1105 2885 1224 2952 dictum
1250 2887 1294 2950 sit
1321 2907 1343 2951 a
1363 2905 1442 2968 pro·

278 2981 384 3064 partio
406 2981 465 3066 [11,
488 2986 542 3066 26,
563 2983 617 3066 40]
647 2985 773 3068 ,ipnoto
793 2985 897 3049 missa
924 2984 1067 3050 columba
1088 2984 1205 3060 mari“,
1238 2981 1323 3064 quod
1342 2984 1443 3048 miror

276 3081 546 3162 praetermissmu
569 3102 639 3147 esse
659 3105 681 3146 a
696 3081 819 3147 anlerio
840 3083 957 3164 flacco:
977 3101 1064 3147 nnus
1086 3079 1280 3164 Apollonius
1307 3079 1442 3146 rhodius

285 3179 339 3262 [II,
363 3183 422 3242 179
443 3178 505 3262 su]
527 3181 651 3258 scribit,
674 3181 830 3263 pbineam
843 3181 1079 3264 praedicentem
1100 3201 1231 3247 cursum
1253 3179 1441 3264 arpouaatis

284 3277 447 3342 annuisse
468 3282 504 3342 at
525 3279 569 3343 ad
589 3299 727 3360 cyaneas
749 3279 925 3346 cobembam
944 3285 1164 3362 sapuerenbnr,
1189 3299 1286 3361 quam
1304 3279 1441 3344 musuri

283 3379 376 3440 erard
400 3374 457 3440 dii.
500 3375 617 3442 Scribit
634 3382 816 3459 practerea,
845 3383 913 3444 trun
941 3397 1013 3446 cum
1038 3383 1235 3462 arponautao
1263 3377 1441 3444 discessuri

282 3479 402 3552 esseut,
424 3495 464 3540 ea
478 3479 577 3557 ponto
590 3474 657 3539 iilis
672 3477 866 3558 apparuisse
880 3477 1065 3561 Aupurium
1079 3477 1241 3560 accipitris
1253 3476 1439 3542 meamus

282 3571 472 3652 cobumbam,
496 3593 578 3656 quae
599 3573 714 3640 decidit
732 3575 768 3640 in
781 3576 859 3640 sinu
874 3576 1011 3642 oasam
1027 3576 1228 3658 Mopsuspne
1241 3574 1439 3640 canuam

276 3692 470 3755 prosperam
496 3675 567 3757 fore
586 3671 836 3758 mascaronem,-
864 3673 923 3738 sed
944 3693 1026 3756 quac
1046 3679 1225 3756 sequuntur
1250 3671 1437 3756 [seruatori

281 3790 320 3834 aa
340 3768 485 3836 historia.
509 3771 651 3854 pbr‘aaeus
676 3770 864 3854 Oieopancm
883 3772 936 3838 nd
956 3772 1148 3856 cleopatram
1170 3771 1273 3855 sitiam
1293 3770 1439 3836 anua

280 3887 412 3934 urorum
432 3869 552 3938 babuit.
596 3893 635 3938 ec
656 3893 694 3938 ea
715 3871 856 3954 suscepit
873 3871 970 3955 sitias.
1014 3871 1105 3938 Idem
1125 3870 1317 3954 superducit
1334 3868 1438 3952 filiam

282 4003 468 4016 —ss—

348 4066 370 4134 ¹)
387 4066 423 4122 ib.
440 4083 467 4136 p.
484 4068 542 4124 400.

346 4147 369 4219 ²)
385 4149 554 4220 Lykophrou
570 4152 646 4208 Guss.
663 4155 725 4210 754:
743 4157 814 4223 ἀστῷ
831 4157 951 4222 σύνοικος
968 4157 1084 4224 Θρᾳκίας
1101 4155 1260 4224 'bibituros
1278 4156 1359 4208 toras

347 4229 369 4298 ³)
385 4231 472 4300 Plut,
489 4230 623 4302 Pyrrhus,
639 4235 673 4289 ³4
690 4249 730 4304 sq.

346 4311 368 4380 ⁴)
385 4313 503 4382 iussin„
519 4313 609 4384 XXV,
630 4318 659 4384 5,
682 4317 711 4370 1:
735 4317 873 4387 Repulsus
898 4318 1076 4387 ospuunis
1094 4317 1214 4390 Pyrrhus
1230 4319 1320 4384 Aruas
1343 4314 1433 4385 caiis

280 4393 331 4462 ibi,
357 4393 422 4449 dum
443 4395 610 4465 Antigonum
635 4397 664 4452 ir
689 4397 757 4455 urbs
783 4399 907 4456 abusum
934 4409 1093 4470 expugusrs
1120 4406 1246 4468 mnam,
1275 4400 1348 4456 iuter
1374 4415 1436 4456 con·

280 4473 441 4536 tutissimos
458 4477 656 4538 ualentissima
672 4478 805 4538 ‹ltmtcm
820 4496 890 4537 roco
906 4479 942 4538 ds
956 4481 1042 4541 muris
1057 4482 1129 4540 iutra
1146 4481 1288 4540 amititur.
