3370 5102
751 289 958 350 ..45-

272 457 361 541 pidia.
406 455 502 521 Naae
522 475 561 519 ae
582 474 645 518 aaa
673 453 779 516 amaia
801 452 901 516 amieo
924 449 1129 532 praestitisse
1158 447 1286 526 uidear,
1318 449 1433 512 iterum

275 555 477 622 scribendam
505 554 585 618 dari
606 573 643 618 ae
664 573 728 634 pro
750 556 861 616 austra
883 552 982 615 aeteri
1004 550 1145 614 amicitia
1166 549 1206 613 ab
1238 547 1433 613 humanitate

275 663 332 722 tau
355 655 542 738 petentium,
569 658 616 731 at,
647 653 678 716 si
704 652 781 734 qaid
808 672 951 732 uuquam
978 655 1106 715 nostrae
1137 649 1294 714 amicitiae
1324 648 1434 714 datam

277 755 424 832 aotaisti,
448 754 505 818 teoe
518 754 626 835 msam
639 751 871 833 inpraesentia
884 749 979 828 aetia,
996 755 1031 813 at
1046 747 1184 828 libellas,
1204 769 1295 831 qaam
1310 749 1434 814 amicas

280 855 429 938 Poatitiei
448 854 587 918 maaimo
610 849 816 933 deferendam
837 849 881 914 aet
901 853 930 914 te
950 850 1056 924 mittit,
1085 853 1240 930 quautam
1261 849 1295 912 ia
1316 851 1345 912 te
1366 849 1435 925 erit,

277 953 533 1042 quamprimum
552 951 588 1014 ia
609 949 797 1014 alterutram
811 953 941 1030 partera
962 947 1156 1030 expediatur.
1201 947 1278 1012 Erit
1302 948 1337 1011 ta
1357 945 1434 1012 mitet

271 1054 415 1135 protecto
438 1057 504 1115 tana
521 1055 665 1134 pratum,
687 1054 724 1113 at
744 1046 825 1112 arua
846 1069 914 1112 esse
929 1049 1038 1129 possit
1050 1049 1192 1132 'pretias
1220 1047 1264 1112 Te
1284 1067 1358 1130 rapo
1374 1065 1437 1128 per

279 1152 402 1216 litteras
424 1151 515 1216 uobis
537 1149 695 1232 sipaifiees
717 1147 795 1229 qaid
816 1152 921 1212 aetam
943 1149 986 1211 sit
1007 1151 1064 1211 aat
1086 1147 1164 1228 qaid
1188 1147 1262 1230 fieri
1275 1147 1384 1228 possit
1404 1149 1433 1208 et

279 1253 310 1315 si
330 1271 383 1316 ees
406 1250 450 1314 ad
470 1249 588 1314 exitam
609 1247 747 1330 perduoi
769 1247 942 1328 eoatiperit,
974 1246 1053 1328 qaid
1074 1246 1119 1310 act
1138 1267 1198 1311 uos
1221 1245 1437 1328 pecuniarum

278 1351 360 1415 maai
381 1354 522 1432 oporteat
541 1351 595 1432 faa
616 1353 652 1412 at
673 1348 782 1412 setam.
834 1342 930 1411 Vale!

341 1483 387 1547 Ac
429 1481 568 1564 primum
604 1479 733 1561 quidem
769 1479 1088 1557 commentariorum,
1129 1496 1264 1560 quorum
1304 1478 1438 1543 mentio-

279 1601 352 1646 nem
378 1581 498 1645 taotam
530 1597 600 1645 esse
631 1577 713 1660 uidi,
746 1581 855 1643 aetate
880 1577 1003 1658 primus
1035 1579 1061 1643 is
1092 1579 1125 1642 iu
1156 1577 1259 1644 lucem
1289 1577 1437 1659 proditus

281 1699 350 1748 esse
376 1681 519 1758 uidetur,
549 1697 645 1760 quem
673 1677 714 1741 ad
740 1675 853 1741 Silium
881 1677 1028 1742 Italicum
1060 1677 1200 1760 scripsit
1234 1678 1320 1760 typis
1356 1677 1439 1741 enim

281 1797 451 1861 expressus
480 1783 530 1843 est
554 1776 711 1842 Venetiae
737 1794 821 1840 anno
849 1781 927 1840 1483
958 1777 1030 1860 [per
1053 1777 1237 1858 Baptistam
1258 1776 1298 1842 de
1323 1775 1438 1853 TortiS,

282 1879 386 1944 denuo
416 1897 443 1942 a.
473 1877 615 1960 1492]1);
646 1867 822 1940 editionum
849 1876 990 1940 omnium
1021 1877 1138 1960 prima,
1172 1894 1269 1960 quam
1297 1875 1439 1941 Roberto

282 1977 413 2059 Ursino,
445 1979 564 2056 patruo
587 1973 739 2056 Virginii,
762 1973 942 2056 dedicauit,
970 1979 1007 2039 ut
1031 1976 1063 2039 in
1084 1973 1285 2056 praefatione
1307 1975 1441 2040 alterius

283 2075 324 2140 ad
354 2075 439 2140 hune
460 2074 578 2140 missae
607 2071 748 2154 tutetur,
780 2071 912 2137 iuuenili
935 2073 1073 2154 quodam
1094 2075 1224 2158 ardore,
1257 2074 1336 2139 haee
1356 2074 1440 2138 enim

282 2177 359 2240 sunt
380 2174 448 2238 eius
469 2173 588 2254 uerba,
623 2190 661 2236 ac
685 2171 787 2252 primo
814 2172 934 2252 ingenii
962 2172 1066 2238 calore
1095 2173 1262 2239 effluxerat
1284 2177 1317 2239 et
1345 2173 1440 2238 easti-

285 2271 446 2350 gationem
455 2271 627 2353 limamque
635 2269 855 2335 desiderabat:
868 2275 1042 2352 propterea
1053 2271 1107 2337 illa
1116 2291 1150 2338 se
1160 2273 1320 2354 castigata
1333 2275 1366 2337 et
1377 2290 1442 2336 una

287 2388 357 2434 oum
379 2375 526 2450 poemate
547 2371 704 2452 impressa
727 2369 769 2433 ad
790 2387 863 2433 eum
884 2370 1056 2436 missurum
1086 2390 1155 2438 esse
1185 2371 1270 2437 dioit.
1313 2371 1439 2436 Deinde

287 2468 368 2532 alius
395 2467 483 2532 loeus
505 2469 621 2533 mihie
649 2467 850 2550 praefatione
871 2470 1166 2536 commemorandus
1196 2489 1266 2535 esse
1295 2469 1437 2546 uidetur,

286 2585 358 2631 eum
386 2585 425 2631 ex
454 2584 491 2631 eo
519 2573 688 2650 appareat,
720 2585 791 2632 eam
812 2567 1007 2652 opinionem,
1035 2588 1131 2650 quam
1159 2573 1268 2635 aetate
1295 2563 1443 2633 humani-

285 2669 408 2730 starum
429 2665 646 2730 inueteratam
667 2666 766 2732 fuisse
788 2671 923 2746 constat,
946 2669 1075 2735 aPetro
1098 2687 1225 2751 quoque
1240 2667 1349 2736 Marso
1370 2685 1443 2748 pro·

284 2765 395 2829 batam
426 2781 508 2847 esse,
537 2765 723 2848 interpreti,
751 2766 806 2846 qui
827 2767 943 2832 efficiat
965 2773 1002 2833 ut
1031 2773 1144 2834 auctor
1170 2788 1267 2850 saepe
1288 2769 1442 2834 obscurus

285 2864 424 2928 etiamn
452 2863 557 2927 minus
583 2863 685 2928 doctis
710 2863 775 2945 legi
801 2867 914 2950 possit,
943 2886 1006 2932 non
1027 2868 1182 2932 minorem
1207 2867 1336 2932 laudem
1367 2883 1436 2930 esse

284 2962 490 3028 tribuendam
505 2981 602 3044 quam
618 2963 656 3040 ei,
679 2981 773 3044 quem
787 2965 1030 3050 interpretetur,
1052 2987 1127 3032 nam
1142 2985 1205 3031 non
1220 2967 1289 3032 sine
1303 2963 1370 3030 ulla
1385 2963 1442 3029 ad·

285 3061 455 3126 miratione
470 3062 522 3126 sui
543 3061 622 3126 haec
637 3061 910 3145 scribit'Virginio
927 3063 1044 3130 Ursino
1055 3067 1091 3149 2),
1114 3085 1192 3150 ,neo
1206 3083 1322 3130 nomen
1343 3064 1443 3129 inter·

285 3161 387 3241 pratis
417 3165 584 3241 tamquam
612 3161 798 3228 indecorum
826 3163 1052 3244 refugiendum
1081 3169 1139 3230 est.
1183 3165 1294 3229 Ausim
1324 3163 1443 3244 quippe

285 3261 393 3325 dicere
426 3258 507 3324 fidos
528 3277 686 3340 uerosque
718 3261 913 3343 interpretes
933 3283 998 3329 non
1019 3264 1173 3329 minorem
1204 3261 1334 3328 laudem
1365 3262 1443 3343 ipsis

287 3357 500 3438 scriptoribus
526 3359 652 3423 mereri.
697 3359 786 3438 Quae
812 3363 896 3426 enim
922 3368 1007 3428 esset
1035 3364 1068 3428 in
1096 3363 1200 3445 poetis
1222 3362 1359 3438 utilitas,
1383 3359 1443 3424 nisi

287 3477 307 3523 a
328 3455 481 3524 studiosis
502 3455 762 3536 intelligerentur
770 3459 796 3538 “‚
809 3479 845 3524 ·e.
869 3479 898 3542 q.
920 3482 944 3528 s.

350 3558 424 3623 Jam
446 3555 539 3640 haec,
563 3573 646 3636 quae
669 3556 708 3621 de
729 3561 963 3626 commentariis
985 3561 1027 3626 ad
1048 3561 1159 3626 Silium
1180 3559 1328 3626 Italicum
1350 3559 1443 3624 modo

286 3657 435 3733 narraui,
464 3653 637 3722 manifesta
662 3656 845 3723 testimonia
870 3664 958 3743 sunt,
985 3660 1102 3742 quibus
1123 3661 1184 3726 nisi
1208 3659 1440 3742 intellegemus

353 3919 373 3988 1)
392 3921 435 3975 Ad
445 3921 590 3990 sequentia
602 3921 672 3976 conf.
681 3919 812 3991 imprimis
824 3923 923 3994 Rapta,
934 3923 1118 3983 ttetioaautre
1128 3927 1278 3996 teutoniae
1287 3931 1313 3983 et
1323 3926 1444 3995 critique,

288 4022 341 4076 quo
358 4004 428 4060 libro
444 4003 521 4059 tonte
539 4005 657 4062 maxime
673 4020 740 4062 usus
758 4022 825 4064 sum.

353 4088 374 4156 ²)
392 4089 493 4143 Nescio
511 4103 547 4144 an
564 4092 697 4147 errauerit
718 4091 853 4162 Puppim,
877 4094 922 4162 qui
939 4093 968 4148 in
984 4093 1054 4148 Bibl.
1065 4093 1153 4162 Noep.
1167 4099 1313 4162 memorat,
1329 4091 1446 4146 Paulum

288 4173 411 4227 Marsum
423 4178 562 4226 auctorem
579 4173 664 4228 tuisse
678 4175 929 4230 commentariorum
946 4177 975 4230 in
991 4177 1085 4232 Silium
1101 4177 1227 4234 Italicum
1245 4191 1270 4230 a.
1290 4177 1353 4229 1483
1372 4174 1446 4242 apud

287 4255 444 4323 Baptistam
472 4253 505 4308 de
523 4253 617 4308 'Portis
634 4255 840 4324 impressorum
867 4260 990 4327 suspicor
1012 4260 1083 4316 enim
1106 4275 1167 4315 eum
1189 4259 1305 4314 alterum
1323 4257 1446 4314 Marsum

288 4353 350 4392 cum
367 4337 457 4391 altero
475 4333 640 4391 contudisse.
