3370 5102
727 373 770 386 ..
811 343 850 404 53
892 375 934 387 ..

313 501 355 566 ad
368 520 397 566 v.
414 505 474 566 633
493 454 694 568 Obiciaddinc
707 503 797 567 modo
811 552 817 567 .
831 552 837 566 .
851 552 857 566 .
872 502 893 586 .]
908 501 929 566 f.
943 504 1045 569 nach:
1063 501 1144 568 saror
1158 504 1213 586 qni
1228 503 1266 569 de
1274 505 1404 586 pardae

252 633 389 714 qnodam
406 631 581 716 inteilipant
597 633 664 716 attio
679 587 798 711 artorii,
824 635 879 716 qni
894 633 930 698 ob
945 633 1131 699 thesonrnm
1147 656 1237 716 onem
1251 636 1408 718 inpentem

248 732 436 813 possidebat
457 733 497 796 ab
518 733 655 797 inimicis
678 738 725 796 est
746 733 830 796 domi
852 733 1042 797 combnstns.
1087 732 1157 797 Abii
1178 734 1216 798 de
1238 732 1406 798 Alcibiade

255 827 372 896 Gliciac
389 831 455 914 tilio
478 831 678 909 Atheniensi,
709 833 800 896 coins
829 832 965 896 historio
986 833 1068 895 satis
1099 831 1172 897 hnic
1202 831 1259 896 teto
1281 833 1409 897 nidetnr

252 930 435 994 connenire:
458 929 520 1012 iope
540 929 686 1012 saboiam
703 929 765 1012 filii
787 930 906 1007 cliniae,
931 931 1051 1008 amicae
1068 930 1168 1008 Sabis,
1194 932 1249 1012 qni
1270 951 1342 996 cnm
1357 932 1405 996 in·

250 1029 327 1109 fans
349 1033 446 1092 natas
468 1033 515 1092 est
529 1030 677 1110 paternis
700 1029 804 1094 radiis
827 1029 944 1096 dicitnr
966 1030 1132 1094 entinctas.

277 1125 279 1130 ’
313 1127 361 1190 Dc
372 1127 498 1191 Persico
511 1125 631 1191 Cliniae
645 1127 708 1192 liho
723 1147 791 1192 rem
806 1129 966 1208 explicant
981 1145 1090 1193 omnes
1106 1127 1228 1192 codices
1240 1148 1248 1206 ;
1262 1117 1407 1210 ceterum

252 1226 428 1290 secundum
443 1225 546 1290 Elhsii
567 1226 601 1289 in
615 1227 701 1290 hunc
714 1227 818 1291 locum
834 1225 1074 1291 annotationem
1088 1244 1167 1291 uera
1180 1227 1408 1308 interpretatio

255 1324 296 1388 de
316 1323 479 1388 Alcibiade
501 1324 599 1388 etiam
619 1325 653 1388 in
676 1325 751 1389 Ood.
775 1325 857 1389 Sem.
880 1325 994 1389 Patau.
1018 1329 1140 1402 exstat3
1169 1325 1201 1388 in
1223 1325 1411 1390 uniuersum

252 1421 337 1487 hunc
359 1423 498 1487 codicem
518 1422 676 1488 Beruensi
698 1423 832 1489 similem
854 1441 924 1489 esse
946 1429 1065 1490 etcum
1087 1442 1124 1488 eo
1146 1423 1254 1490 lacere
1276 1425 1330 1488 alii
1351 1425 1411 1490 loci

253 1525 433 1599 testantur,
455 1540 473 1586 e
495 1521 612 1602 quibus
632 1521 691 1588 hos
714 1521 825 1587 aliero:

316 1620 358 1684 ad
380 1637 409 1683 v.
428 1624 488 1684 329
510 1620 580 1685 Ant
599 1627 636 1685 nt
656 1623 935 1687 Amastriacis...
950 1621 971 1706 .]
994 1621 1015 1686 l.
1039 1625 1137 1686 273a:
1159 1622 1317 1688 Lmnnens
1341 1624 1412 1688 Rea

255 1719 535 1784 Amastrianorum
552 1721 586 1784 in
594 1727 693 1803 ponto
709 1744 730 1786 a
748 1721 937 1786 Mithridate
952 1724 1066 1786 eiectos
1082 1727 1129 1786 est
1149 1723 1184 1786 in
1191 1723 1409 1804 peninsulam,

255 1839 335 1899 qnae
363 1819 489 1884 dromos
511 1819 649 1884 Achillis
675 1827 821 1898 nocatnr,
860 1821 886 1886 (l
913 1827 942 1886 ct
963 1821 1074 1886 XXV
1088 1821 1212 1886 mittam
1233 1843 1405 1904 passnnm,

253 1917 460 1998 tonoitndinis
490 1919 643 2000 octopinta
670 1918 823 2003 [octana]
849 1919 984 1997 miiinm,
1019 1925 1056 1983 nt
1082 1921 1194 1985 scribit
1220 1920 1407 2005 Aqoppap

253 2017 298 2080 ibi
309 2016 406 2080 nndis
417 2016 592 2100 [nadibns]
607 2019 790 2082 custodibus
805 2019 955 2083 adhibitis
967 2019 1068 2083 nitam
1082 2019 1195 2084 dncere
1209 2025 1256 2084 est
1270 2025 1407 2086 coactns.

258 2113 423 2178 Amastris
451 2120 555 2179 antem
579 2116 615 2179 in
629 2121 729 2196 ponto
751 2122 811 2194 est,
837 2117 922 2181 ande
942 2116 1059 2198 popnii
1080 2117 1296 2196 Amastriaci,
1325 2119 1409 2184 dicta

257 2215 295 2278 ob
318 2213 466 2277 Amastri
487 2233 586 2278 naore
604 2214 758 2298 dionysii,
782 2215 916 2279 oniartis
936 2215 1015 2297 iiiia.
1037 2213 1127 2280 iih‘ns
1142 2216 1350 2298 peninsniae,
1375 2218 1413 2282 de

255 2333 319 2394 qna
347 2333 450 2394 snpra
477 2313 632 2392 dininas,
662 2313 787 2397 ionpam
814 2315 998 2380 montionem
1025 2315 1100 2397 fecit
1133 2315 1301 2398 dionysias
1331 2316 1412 2380 hati-

256 2431 451 2477 carnassens
472 2411 551 2496 [ab]
572 2413 609 2478 de
630 2414 696 2477 siin
712 2414 806 2491 orbiS,
831 2414 886 2495 qni
900 2415 1063 2496 expositas
1079 2419 1125 2478 est
1140 2415 1179 2478 ab
1193 2413 1410 2497 Ecstothio.²)

316 2514 364 2577 De
385 2513 445 2576 hoc
466 2511 577 2576 dromo
598 2513 729 2577 Achillis
750 2512 811 2576 nisi
832 2513 865 2576 in
888 2513 966 2594 Reg.
984 2517 1061 2576 2061
1087 2517 1120 2578 ct
1141 2513 1207 2578 Pal.
1232 2517 1322 2591 1709,
1347 2532 1409 2594 quo

257 2628 360 2694 usque
380 2609 458 2674 mihi
479 2611 575 2676 huius
604 2601 652 2675 rei
678 2611 827 2675 notitiam
855 2611 1006 2692 colligere
1027 2612 1121 2692 potui
1143 2611 1205 2696 [de
1235 2613 1301 2678 cod.
1325 2613 1406 2678 Sem.

256 2710 326 2774 Pat.
350 2707 428 2772 nihil
450 2709 538 2789 apud
558 2709 704 2774 Ellisium
726 2711 964 2794 memoratur.],
986 2711 1179 2776 mentionem
1201 2711 1321 2779 factam
1342 2731 1406 2777 non

257 2825 329 2873 esse
349 2807 453 2871 uideo.

319 2907 467 2988 Denique
488 2907 633 2973 conferas
655 2908 713 2973 hos
734 2908 834 2972 locos:

319 3005 394 3071 Ood.
417 3009 457 3069 36
479 3005 561 3070 Sem.
582 3006 653 3072 Pet.
676 3007 719 3072 ad
740 3025 768 3071 v.
785 3011 863 3070 411:
886 3005 1031 3084 Ceroian,
1054 3012 1090 3071 nt
1111 3008 1271 3073 Isocrates
1292 3009 1410 3088 scribit,

259 3126 357 3187 annm
378 3105 467 3186 apnd
493 3105 641 3187 temptam
666 3105 789 3170 Cereris
813 3105 989 3172 Etenainae
1003 3107 1192 3189 perecrinos
1214 3113 1353 3185 necaret,
1387 3129 1408 3172 a

323 3237 343 3304 1)
361 3237 438 3292 Haec
455 3237 521 3290 mihi
542 3237 679 3304 interpres
701 3237 729 3290 in
752 3239 960 3294 commentarios
977 3237 1152 3293 transtulisse
1169 3238 1278 3294 uidetur
1296 3254 1311 3294 e
1327 3237 1409 3294 Plinii

255 3319 289 3376 N.
301 3319 343 3387 li,
360 3320 407 3374 IV.
419 3321 463 3375 26:
482 3318 588 3373 Rursus
605 3318 634 3372 in
650 3317 730 3372 litore
747 3324 842 3385 portus
853 3321 1037 3389 Achaeorum,
1056 3321 1146 3374 insula
1162 3321 1290 3389 Achillis,
1306 3311 1411 3376 tumulo

256 3404 315 3459 cius
332 3403 385 3458 uiri
402 3403 477 3456 clara
496 3407 524 3454 ct
542 3401 576 3454 ab
595 3415 629 3454 ea
646 3400 743 3456 CXXV
760 3401 868 3456 milibus
886 3418 912 3470 p.
929 3403 1076 3470 peninsula
1094 3402 1130 3456 ad
1150 3402 1265 3458 formam
1282 3403 1367 3470 gladii
1383 3405 1412 3457 in

256 3493 445 3541 transuersum
457 3489 599 3551 porrecta,
615 3483 810 3538 exercitatione
824 3483 945 3538 eiusdem
955 3485 1148 3551 cognominata
1164 3485 1272 3541 dromos
1285 3485 1409 3553 Achillis,

256 3569 332 3628 cuius
357 3565 554 3634 longitudinem
579 3563 681 3619 LXXX
702 3565 805 3638 milium
830 3583 856 3634 p.
884 3566 970 3621 tradit
986 3567 1118 3636 Agrippa.
1154 3567 1414 3636 assonatione

256 3651 318 3718 1.11‚
332 3653 358 3704 1:
371 3649 493 3703 Achilles
504 3648 605 3703 infesta
615 3647 704 3703 classe
716 3663 792 3702 mare
801 3648 944 3704 Ponticum
955 3649 1094 3716 ingressus
1103 3649 1141 3704 ibi
1150 3649 1255 3704 ludicro
1267 3651 1415 3704 certamine

255 3733 410 3787 celebrasse
427 3731 572 3786 uictoriam
590 3737 690 3785 etcum
703 3731 738 3785 ab
752 3732 834 3786 armis
853 3733 930 3800 quies
949 3737 1022 3798 erat,
1040 3747 1070 3787 se
1088 3747 1121 3786 ac
1134 3747 1198 3786 suos
1215 3747 1298 3787 cursu
1312 3732 1414 3786 exerci-

254 3815 359 3870 tauisse
376 3819 555 3879 memoratur,
572 3812 634 3868 ideo
651 3813 726 3868 dicta
743 3819 786 3868 cst
802 3819 898 3882 δρόμος
916 3816 1069 3882 Ἀχιλλέως.
1102 3813 1211 3882 Strabo,
1229 3831 1255 3882 p.
1273 3816 1332 3868 807.

321 3895 344 3963 ²)
362 3895 523 3964 Dionysium
540 3895 713 3962 Periegetam
740 3910 801 3950 cum
818 3895 1033 3952 Halicarnasseo
1051 3895 1175 3950 confudit
1194 3896 1338 3964 interpres.
1373 3895 1417 3950 Ad

255 3979 331 4034 illum
349 3978 419 4032 enirn
444 3979 514 4032 haec
537 3977 664 4044 leguntur
689 3976 763 4046 apud
780 3977 908 4032 Eustath.
926 3976 1083 4032 LXXXHl:
1108 3977 1153 4031 Ex
1178 3977 1295 4034 aduerso
1312 3977 1411 4046 Borys·
1496 4029 1500 4036 .

255 4062 355 4128 thenis,
373 4059 449 4114 fluuii
467 4060 700 4128 septentrionalis,
724 4061 771 4128 qui
788 4060 824 4114 ad
842 4061 981 4116 sinistram
997 4061 1075 4127 ponti
1091 4059 1194 4115 Euxini
1211 4061 1240 4116 in
1257 4075 1319 4115 enm
1337 4060 1413 4115 euol-

255 4145 343 4212 uitur,
365 4143 457 4211 posita
482 4143 510 4197 in
532 4143 589 4198 alto
614 4149 659 4198 est
673 4143 764 4198 insula
779 4141 899 4196 Heroum
916 4141 1093 4210 percelebris,
1118 4143 1220 4198 Achilli
1245 4157 1342 4209 sacra3
1369 4142 1416 4196 ubi

256 4227 338 4282 etiarn
355 4241 371 4280 e
387 4225 498 4293 regione
509 4226 546 4293 is,
564 4225 662 4294 dequo
677 4225 792 4280 diximus
807 4240 898 4293 supra,
908 4225 1024 4280 Dromos
1037 4225 1184 4293 Achilleus,
1197 4226 1238 4280 ita
1250 4225 1286 4280 ab
1299 4225 1413 4280 Achille

256 4309 452 4364 denominatus.
486 4308 565 4364 Hanc
582 4315 673 4364 autem
690 4309 808 4363 insulam
824 4309 919 4363 uocari
936 4308 976 4363 ait
993 4308 1116 4376 heusen,
1130 4325 1178 4364 seu
1195 4308 1295 4364 Albam
1313 4335 1354 4361 -.
1368 4307 1414 4361 lbi

255 4406 339 4458 uero,
356 4391 455 4458 inquit,
471 4390 546 4446 fama
562 4396 617 4457 est,
635 4397 663 4446 et
681 4391 794 4446 Achillis
812 4397 840 4448 et
856 4391 969 4446 heroum
986 4391 1091 4446 animas
1109 4391 1234 4447 decenae
1251 4406 1301 4460 per
1320 4391 1410 4446 ualles

255 4473 369 4529 uersari.
403 4471 500 4540 Itaque
518 4473 637 4538 Heroum
654 4473 745 4529 insula
762 4473 861 4528 dicitur
877 4475 968 4528 incula
984 4475 1054 4528 haec
1071 4473 1170 4529 Leuce.
