3370 5102
441 889 480 982 ll.
525 889 587 981 o!
620 887 946 985 sedulianum
980 890 1261 987 contortus.

336 1365 545 1432 Scholiastam
579 1368 678 1432 istum
712 1367 858 1448 ignotum
890 1373 923 1434 et
955 1369 1119 1450 ignarum,
1155 1388 1251 1454 quem
1286 1373 1427 1440 omnium

274 1466 411 1546 primum
432 1467 556 1532 incerta
578 1467 683 1533 adhuc
704 1459 812 1532 aetate
834 1469 875 1533 ad
898 1467 1101 1550 explicandas
1124 1469 1265 1555 fabulas,
1288 1489 1425 1553 quarum

274 1585 469 1648 permagnus
490 1569 524 1632 in
546 1567 635 1633 Ibide
656 1585 809 1632 numerus
831 1573 893 1652 est,
923 1567 1092 1634 accessisse
1113 1569 1199 1633 inter
1221 1589 1330 1636 omnes
1352 1590 1426 1636 con-

273 1671 355 1745 stat,
386 1668 475 1732 cuius
496 1667 713 1749 ignorantiam
735 1671 768 1731 et
797 1667 926 1732 fraudes
955 1666 1009 1732 uia
1031 1675 1064 1732 et
1091 1669 1217 1734 ratione
1239 1671 1422 1736 commissas

273 1765 375 1832 fusius
389 1765 544 1848 patefecit
553 1766 767 1848 Ehwaldius1)
783 1785 880 1848 quam
894 1769 932 1830 ut
946 1766 1042 1848 plura
1056 1765 1097 1830 ad
1111 1765 1191 1832 haec
1202 1767 1425 1850 cognoscenda

184 1864 188 1874 ’
274 1867 391 1932 addere
423 1887 551 1934 necesse
583 1867 641 1952 sit,
674 1866 820 1948 quamuis
852 1865 977 1930 silentio
1008 1868 1268 1948 praetermittere
1301 1869 1423 1946 malim,

274 1968 422 2046 quoniam
443 1967 520 2034 talis
541 1967 634 2033 homo
649 1986 712 2053 non
727 1972 776 2032 est
792 1967 926 2049 dignae,
948 1965 988 2031 de
1010 1985 1072 2048 quo
1094 1967 1166 2048 plna
1181 1967 1278 2033 semel
1294 1975 1422 2049 agatur,

273 2072 309 2130 ut
331 2067 399 2132 eius
421 2074 540 2133 natura
562 2085 726 2148 genusque
748 2065 991 2148 intellegantur,
1013 2069 1122 2130 tamen
1144 2067 1353 2146 supersedere
1369 2067 1424 2132 uix

273 2185 415 2246 possum,
447 2167 705 2250 quandoquidem
726 2165 803 2230 mihi
810 2215 830 2249 ,.
848 2166 931 2231 sicut
952 2165 1059 2245 priore
1081 2165 1186 2247 capite
1208 2166 1247 2230 de
1276 2167 1424 2232 carminis

273 2265 415 2331 codicum
428 2272 543 2332 mutua
564 2267 689 2332 ratione
711 2264 891 2347 disputem,
915 2265 954 2328 de
977 2263 1088 2329 eodem
1110 2283 1227 2344 genere
1243 2270 1276 2330 et
1296 2266 1422 2332 ratione

272 2365 461 2431 scholiorum
482 2366 542 2433 hoc
564 2367 666 2432 altero
689 2383 785 2446 agero
806 2363 970 2446 proposui:
999 2381 1082 2444 quae
1104 2364 1131 2429 si
1153 2364 1346 2444 generaliter
1368 2367 1418 2430 uis

273 2466 465 2550 perspicere,
487 2465 556 2532 fieri
571 2484 634 2530 nou
655 2469 761 2546 potest
783 2463 860 2545 quin
882 2463 974 2544 quasi
988 2463 1030 2526 ad
1051 2462 1172 2528 fontem
1186 2461 1308 2548 redeas
1332 2463 1416 2529 unde

271 2565 448 2645 posteriora
463 2573 536 2632 orta
551 2571 627 2630 sunt
640 2565 758 2642 omnia;
774 2563 831 2630 sed
847 2580 917 2628 cum
932 2580 970 2626 ox
984 2560 1140 2627 Ehwaldii
1152 2563 1418 2630 commentatione

271 2663 451 2731 doctissima
472 2665 727 2748 cognouerimuS,
751 2663 827 2746 quid
849 2663 888 2728 de
909 2662 971 2728 isto
992 2661 1118 2726 homine
1140 2681 1179 2727 ne
1201 2663 1328 2728 nomine
1350 2663 1420 2746 qni·

270 2763 341 2830 dcm
363 2763 552 2830 scholiastae
574 2765 669 2846 digno
691 2764 896 2830 iudicandum
917 2763 972 2845 sit,
996 2762 1049 2827 uel
1069 2763 1192 2844 potius,
1217 2765 1367 2844 quoniam
1389 2765 1421 2829 id

269 2863 469 2944 exploratum
490 2871 554 2948 cst,
576 2866 635 2932 hoc
657 2865 794 2930 alterum
815 2865 848 2929 in
861 2864 1049 2928 uniuersum
1065 2862 1169 2926 dicere
1184 2864 1238 2926 uix
1253 2881 1333 2944 opus
1348 2881 1418 2928 esse

269 2968 358 3046 puto,
374 2965 486 3046 quanti
497 2965 609 3031 casint
621 2963 831 3042 aestimanda,
847 2981 929 3046 quae
941 2961 981 3026 ab
993 2961 1046 3025 illo
1061 2959 1149 3026 fonte
1164 2961 1320 3045 oriantur,
1335 2981 1420 3046 nam,

267 3061 294 3126 si
316 3061 385 3128 lons
407 3063 519 3144 plenus
542 3065 631 3130 caeni
652 3064 800 3130 sordidus
823 3068 855 3128 et
877 3062 1012 3126 uitiosus
1035 3061 1187 3143 erumpit,
1210 3061 1288 3144 quid
1301 3062 1418 3126 mirum

268 3161 352 3243 quod
364 3163 471 3228 omnia
482 3164 670 3248 posteriora,
683 3182 744 3246 quo
756 3163 882 3244 longius
894 3161 985 3246 quasi
998 3159 1196 3240 temporibus
1209 3160 1416 3244 descendunt,

268 3280 304 3326 eo
317 3262 429 3343 magia,
441 3267 479 3327 ut
490 3261 677 3341 Quintiliani
692 3263 799 3329 uerbis
812 3263 851 3328 dc
864 3262 927 3326 alia
937 3279 974 3325 rc
983 3265 1068 3338 utar,
1080 3260 1246 3340 proprium
1262 3261 1420 3341 quendam

268 3366 400 3442 gustum
422 3380 501 3444 prae
523 3381 557 3428 se
584 3361 713 3428 ferunt?
735 3363 850 3428 similia
876 3361 916 3427 de
938 3359 1063 3426 scholiis
1079 3359 1196 3424 nostris
1219 3359 1420 3425 aestimanda

267 3479 349 3545 esse,
372 3460 432 3528 hoo
452 3462 660 3544 sequentihus
681 3462 817 3544 plagulis
839 3461 1022 3537 ostendam,
1045 3459 1091 3523 ita
1114 3467 1235 3535 tannen,
1259 3462 1295 3522 ut
1316 3459 1419 3540 primo

266 3561 333 3627 loco
356 3561 501 3628 denonis
523 3561 647 3627 scholiis
670 3569 803 3628 acturus
825 3562 897 3639 sim,
922 3579 960 3626 ea
982 3559 1065 3642 dico,
1087 3577 1225 3640 quorum
1246 3559 1329 3624 sicut
1349 3577 1418 3624 car·

266 3661 359 3728 ruinis
382 3661 505 3728 codices
526 3661 628 3744 primo
650 3662 801 3727 exhihere
822 3661 931 3726 Ellisio
954 3659 1102 3739 contigit3
1133 3657 1189 3722 sed
1218 3658 1308 3739 prius
1329 3658 1417 3725 scho-

266 3760 380 3826 liorum
402 3761 524 3828 codices
546 3768 579 3828 ct
600 3763 675 3826 uoui
698 3766 732 3828 et
755 3769 883 3828 ueteres
905 3759 981 3824 mihi
1003 3763 1080 3824 sunt
1101 3758 1293 3823 nominandi.

327 3859 433 3926 Primo
456 3860 497 3926 ab
518 3861 627 3926 Eleio
650 3862 799 3943 usurpati
821 3865 910 3928 sunt:

270 3960 446 4040 doleamus,
469 3961 502 4026 in
517 3979 579 4043 quo
593 3961 768 4026 secundum
790 3961 848 4028 ΕΠ.
865 3959 983 4025 schoha
1004 3957 1078 4024 inde
1100 3975 1128 4022 a.
1151 3975 1180 4022 v.
1197 3961 1256 4022 253
1278 3961 1417 4042 exstant,

349 4060 389 4124 ab
411 4061 480 4143 ipso
502 4061 743 4144 antiquissimus
765 4061 1023 4144 nuncupatus,2)
1050 4059 1095 4138 G‚·

331 4259 353 4328 ¹)
370 4259 440 4316 Rud.
457 4259 585 4328 Ehwald,
606 4261 649 4318 De
671 4262 821 4318 scholiasta
844 4261 891 4330 qui
907 4267 950 4317 ert
966 4259 1003 4316 ad
1020 4259 1110 4315 Ouidii
1126 4257 1187 4314 ibin
1210 4257 1412 4314 commentatio.

161 4343 163 4352 '
264 4343 373 4412 Gotha,
390 4345 462 4399 1876.

330 4425 351 4494 ²)
369 4426 539 4494 Superdaum
555 4442 609 4484 nou
626 4427 736 4494 suisset,
753 4429 777 4484 ai
794 4426 957 4484 addidisset:
974 4442 1006 4481 ca
1023 4426 1071 4494 iia,
1089 4425 1137 4494 qui
1152 4426 1256 4480 sauata·
1272 4427 1343 4480 aaut.
