3370 5102
725 322 933 382 ..6-

256 488 334 564 quot
365 483 516 550 lectiones
548 483 768 574 inueniuntur,
801 502 881 565 quas
903 502 976 550 eum
998 483 1058 548 sibi
1079 483 1257 564 peculiares
1279 481 1402 548 habere

260 581 362 666 docet,
385 583 470 664 quod
485 583 592 648 dicens
606 583 675 649 sine
691 583 785 648 dubio
800 583 879 647 illud
893 583 1030 649 alterum
1049 582 1135 665 dicit,
1157 581 1275 648 harum
1287 581 1407 646 nnllam

253 681 286 745 in
302 681 372 746 aliis
387 687 524 761 exstare,
540 688 582 764 et,
599 683 748 763 quoniam
763 700 826 747 non
841 683 942 747 solum
956 683 990 746 in
1005 700 1079 746 suos
1095 681 1225 766 codices,
1241 680 1407 746 sedetiam

255 799 364 848 omnes
386 783 464 848 alios
485 787 625 848 mentem
646 782 785 848 intendit
806 782 899 866 [dicit
920 781 1016 847 enim:
1040 786 1173 864 „estque
1196 784 1254 846 aut
1268 780 1406 860 optimus

259 885 317 945 aut
328 881 378 946 cui
390 881 797 965 solusTaequiperetur“]‚
809 881 883 945 inde
894 887 1121 962 argumentum
1133 882 1158 946 si
1170 879 1406 946 nonrefellendi

257 980 313 1064 [de
334 981 394 1048 hoo
414 981 524 1065 inira]‚
547 987 655 1046 tamen
677 981 884 1063 uituperandi
900 999 950 1044 me
966 981 1124 1046 deducere
1145 997 1238 1061 posse
1254 979 1404 1044 arbitror.

255 1082 323 1146 Hor
345 1083 429 1148 enim
450 1083 604 1164 imprimis
625 1082 701 1146 mihi
725 1082 998 1148 demonstrarem
1020 1081 1126 1146 animo
1147 1087 1208 1157 est,
1232 1099 1336 1161 neque
1357 1084 1407 1146 tot

220 1103 231 1242 l
257 1199 341 1246 noue
363 1182 500 1247 codicem
522 1182 613 1247 nobis
635 1181 762 1258 offerre,
785 1182 932 1262 quamuis
954 1200 1017 1246 non
1038 1180 1131 1245 modo
1153 1181 1302 1263 omnium,
1325 1198 1406 1260 quos

254 1281 288 1344 in
309 1300 404 1346 usum
426 1282 569 1358 uocauit,
598 1282 751 1362 optimae,
781 1282 961 1346 sedetiam
983 1281 1094 1346 melior
1122 1279 1183 1344 illis
1213 1279 1405 1360 declaretur,

257 1399 336 1462 quoe
358 1381 462 1446 adhuc
484 1399 606 1460 omneS,
636 1382 827 1463 quicumque
848 1381 955 1446 Ouidii
983 1381 1061 1446 lbidi
1085 1379 1351 1460 interpretandae
1374 1383 1407 1443 et

255 1481 461 1546 emendandae
477 1501 607 1562 operam
622 1485 843 1564 nauauerunt,
860 1481 1049 1548 Merkelium
1065 1486 1097 1546 et
1111 1481 1254 1546 Riesium
1268 1479 1405 1544 maxime

253 1581 336 1658 dico,
358 1586 562 1662 praestantes
583 1581 781 1660 habuerunt·
803 1582 919 1647 deinde
941 1581 1181 1664 demonstrabo,
1204 1599 1309 1662 neque
1330 1580 1405 1644 Elli-

252 1680 335 1745 sium
356 1699 414 1746 suo
442 1681 542 1763 ipsius
569 1682 685 1746 iudicio
713 1683 746 1746 in
768 1682 893 1748 edenda
915 1681 1005 1746 Ibide
1032 1680 1128 1746 fidem
1157 1680 1307 1746 habuisse
1329 1679 1406 1744 mihi

251 1780 365 1846 uideri.
442 1787 445 1794 ’

314 1879 408 1963 Nam,
438 1887 476 1946 ut
497 1882 539 1946 ad
560 1883 701 1962 priorem
722 1901 790 1946 rem
813 1884 977 1965 accedam,
1006 1880 1170 1947 conferens
1193 1881 1340 1962 cognom,
1367 1899 1405 1944 en

253 1979 401 2045 omnibus
422 1980 484 2045 illis
499 1980 701 2065 lectionibus,
724 1987 800 2047 sunt
814 1987 885 2048 octo
900 1987 933 2047 et
948 1982 1196 2064 osunquaginta‚
1219 1981 1279 2046 nisi
1301 1979 1404 2062 fallor,
1494 2045 1499 2058 ,

251 2079 372 2143 multas
404 2079 437 2143 in
466 2080 576 2145 multis
604 2089 752 2146 ueterum
782 2083 923 2148 codicum
954 2082 1102 2147 inueniri.
1146 2081 1222 2159 Sed,
1256 2081 1405 2161 quoniam

254 2177 403 2258 quaestio
418 2183 528 2244 nostra
542 2181 713 2246 maximam
732 2188 859 2263 partem
874 2183 915 2247 ad
936 2183 995 2248 hoe
1010 2181 1294 2248 demonstrandum
1310 2180 1403 2263 redit,

252 2295 372 2358 operae
405 2280 546 2359 pretium
572 2285 632 2358 est,
668 2299 722 2346 eas
743 2300 851 2348 omnes
874 2301 1077 2360 enumerare,
1110 2281 1301 2364 praesertim
1333 2298 1405 2345 cum

250 2376 381 2443 Ellisius
403 2379 502 2444 dicat:
526 2380 634 2462 „Haec
654 2401 726 2446 cunr
742 2382 769 2447 G
785 2387 843 2446 aut
864 2383 949 2448 solus
972 2387 1030 2448 aut
1051 2401 1123 2447 cum
1145 2399 1208 2446 uno
1224 2381 1295 2465 alio,
1319 2381 1403 2463 quod

252 2494 378 2560 rarum,
408 2477 541 2562 habeat,
568 2480 699 2545 uidetur
721 2481 918 2562 singularem
938 2483 1043 2548 locum
1064 2482 1117 2548 uel
1138 2483 1245 2562 potius
1267 2481 1405 2562 speciem

249 2577 425 2643 obtinere.“
459 2580 508 2643 Ex
530 2579 578 2645 his
601 2581 702 2662 igitur
726 2583 802 2646 locis
824 2584 1018 2666 comparatis
1040 2582 1240 2663 cognoueris,
1264 2585 1404 2662 quantus

248 2676 291 2741 eit
311 2695 466 2744 numerus
487 2679 659 2746 lectionum
681 2699 809 2759 earum,
838 2701 922 2764 quae
950 2683 983 2747 in
1007 2681 1148 2747 Galeano
1170 2681 1252 2759 solo,
1282 2699 1345 2745 non
1367 2680 1400 2744 in

248 2777 417 2844 ueteribus
438 2777 544 2857 libris
567 2785 708 2846 exstent:

560 2895 823 2964 SCRIPTURAE
845 2897 1090 2966 EXSTANTES

408 2993 448 3048 IN
464 2993 653 3053 GALEANO:
868 3000 908 3054 IN
925 2999 1134 3056 VETERIBUS
1152 2998 1353 3055 OODlGIBUS:

246 3094 274 3140 v.
321 3081 358 3142 16
391 3096 454 3143 non
468 3079 675 3160 patiturao'aa'
689 3083 803 3147 funera
844 3083 937 3149 Polit.
961 3085 1022 3148 duo
1045 3085 1097 3168 (i),
1120 3083 1192 3148 Vat.
1216 3101 1301 3148 unus
1314 3084 1338 3166 1)

246 3193 275 3239 v.
321 3181 360 3240 24
392 3177 502 3258 inopes
528 3201 591 3342 arola
623 3183 701 3246 siclt
733 3200 802 3248 esse
844 3183 1041 3267 Moretanus,
1064 3202 1148 3249 unus
1169 3183 1261 3248 Polit.

575 3279 657 3345 ’orbe

246 3391 277 3439 u.
321 3380 361 3439 74
393 3393 455 3456 quo
477 3377 568 3458 priua
589 3400 642 3444 ore
663 3381 760 3446 uncas
843 3383 955 3448 Petau.
967 3383 1098 3448 membr.
1111 3383 1210 3467 [idem
1221 3387 1400 3448 correctum

805 3499 815 3524 r
903 3482 1024 3566 habet]‚
1040 3482 1108 3547 Pet.
1125 3483 1237 3564 chart,
1253 3482 1355 3547 Tolos

247 3578 360 3638 v.129
393 3580 481 3642 certe
503 3595 561 3658 ego
584 3597 667 3660 quae
687 3597 799 3646 moneo
840 3581 1027 3647 Moretanus
1385 3577 1390 3586 ’

387 3695 520 3758 superos
532 3684 660 3744 motura
670 3681 792 3761 putabo

387 3809 472 3893 [Gal.
485 3773 612 3908 mgueo]

246 3925 275 3971 v.
302 3911 360 3972 173
394 3909 523 3975 diuersa
536 3913 688 3980 coaodero
700 3916 820 3996 campis
843 3917 1038 3982 Moretanus.
1275 3985 1278 3992 ,

243 4025 274 4071 v.
300 4013 359 4072 174
380 4010 480 4092 impio
501 4010 599 4075 turba
841 4016 903 4079 duo
925 4015 1040 4099 Berol.‚
1063 4035 1146 4082 unus
1168 4016 1251 4081 Med.

242 4126 270 4171 u.
297 4112 351 4172 191
389 4109 438 4174 cui
461 4111 576 4176 credas
841 4115 918 4196 Reg.
943 4115 1044 4181 chart

242 4244 427 4254 —-—-·--—

308 4307 331 4374 ¹)
354 4309 426 4364 Tota
451 4310 635 4378 disputatione
661 4329 734 4380 mea,
766 4314 928 4385 ubicumque
956 4324 1080 4372 ueterum
1106 4319 1229 4374 codicum
1261 4320 1394 4374 lectiones

243 4391 335 4459 laudo,
356 4392 481 4448 Merkelii
496 4393 656 4450 collationes
675 4412 726 4452 eeu·
737 4398 771 4454 ab
789 4399 849 4467 ipso
868 4416 916 4454 seu
933 4400 1019 4470 ipsius
1036 4401 1135 4472 rogatu
1152 4403 1242 4458 iactas
1254 4419 1360 4472 sequor.
