3370 5102
382 1422 487 1548 Quod
503 1457 545 1522 ad
555 1455 662 1522 Ouidii
674 1455 810 1522 Nasonis
825 1455 895 1521 Ibin
911 1457 1047 1521 maxime
1062 1457 1265 1522 tractandam
1284 1477 1458 1540 aggressus

298 1577 383 1636 sum,
412 1559 517 1638 primo
547 1558 616 1622 loco
645 1557 705 1620 hoc
733 1563 996 1638 praemoneatur,
1027 1576 1078 1621 me
1098 1557 1185 1622 haud
1213 1559 1361 1638 ignarum
1390 1581 1460 1628 esse

299 1657 507 1735 difficultatis,
531 1676 614 1738 quae
632 1656 666 1720 in
681 1655 856 1719 tractanda
870 1656 928 1720 tali
944 1657 1080 1720 materia
1094 1657 1166 1737 plus
1181 1657 1285 1724 minus
1300 1659 1340 1724 ad
1356 1668 1459 1727 artem

297 1757 456 1840 criticam,
478 1757 578 1821 totius
593 1755 784 1837 philologiae
807 1755 1046 1820 firmamentum
1061 1755 1371 1840 fundamentumque
1385 1781 1458 1844 per-

298 1857 434 1936 tinente,
466 1856 564 1939 inest,
595 1874 666 1920 cum
693 1855 886 1936 praesertim
920 1855 959 1920 de
985 1855 1047 1919 uiri
1075 1874 1137 1920 non
1160 1857 1248 1920 nihili
1271 1859 1460 1926 aestimandi

296 1955 378 2021 bene
406 1955 530 2021 meritis
558 1955 700 2020 iudicare
729 1973 883 2020 ausurus
913 1955 980 2020 sim.
1024 1955 1144 2020 Tamen
1172 1957 1291 2036 fateor,
1319 1978 1460 2026 menon

295 2057 401 2122 minus
410 2056 576 2122 dulcedine
587 2056 727 2138 quadam
738 2056 833 2121 huius
845 2056 1057 2136 amplissimae
1071 2075 1106 2122 re
1115 2076 1187 2120 rum
1198 2057 1460 2138 philologioarum

296 2155 491 2241 disciplinae,
515 2175 611 2238 quam
632 2156 679 2221 rei
698 2155 857 2221 nouitate
877 2159 1044 2236 arreptum
1063 2174 1146 2240 esse,
1168 2155 1358 2240 philologica
1376 2161 1459 2224 enim

296 2257 490 2335 dissertatio,
512 2261 549 2321 ut
571 2257 654 2320 hanc
674 2255 933 2321 barbarissimam
952 2274 1061 2322 uocem
1084 2257 1323 2322 consuetudinis
1346 2261 1455 2339 gratia

296 2375 438 2440 seruem,
460 2375 523 2420 non
545 2357 577 2420 in
600 2356 659 2421 hoc
685 2355 792 2438 posita
808 2373 879 2420 esse
904 2353 1001 2419 debet
1022 2361 1059 2419 ut
1081 2355 1216 2418 aliorum
1237 2359 1459 2424 tantummodo

300 2456 477 2522 sententias
505 2456 683 2520 contrarias
709 2454 906 2538 perpendas,
939 2454 995 2519 sed
1021 2459 1058 2518 ut
1082 2453 1114 2516 in
1140 2453 1241 2519 lucem
1267 2457 1385 2538 prodas
1412 2478 1457 2538 ea,

295 2574 367 2638 quae
383 2556 536 2638 exipsius
559 2561 615 2620 tuo
637 2555 765 2636 ingenio
788 2554 1021 2619 emanauerint.

356 2655 419 2721 Sed
430 2655 568 2720 mediam
586 2655 619 2718 in
631 2673 700 2719 rem
719 2654 931 2720 introeamus!
964 2653 1010 2718 Ac
1029 2653 1168 2735 primum
1179 2653 1306 2736 quidem
1318 2657 1457 2722 omnium

295 2759 510 2838 'quotcumque
541 2755 640 2821 Ibidis
673 2755 796 2821 codices
833 2760 981 2832 exstant,
1016 2755 1094 2836 quin
1124 2753 1379 2820 vindobonensis
1415 2757 1458 2822 sit

296 2858 436 2938 optimus
460 2876 496 2922 ac
518 2857 606 2921 solus
629 2875 692 2921 non
713 2855 947 2939 interpolatuS,
970 2873 1068 2919 nemo
1090 2873 1213 2938 eorum,
1241 2855 1295 2936 qui
1316 2875 1458 2938 unquam

297 2957 574 3036 usqueadannum
585 2955 862 3022 MDCOCLXXXI
871 2956 931 3021 hoc
940 2974 1074 3020 carmen
1084 2955 1241 3020 edendum
1250 2965 1457 3035 curauerunt,

299 3055 471 3138 dubitauit,
505 3057 604 3121 donec
625 3055 754 3122 Ellisius
780 3057 872 3121 nouis
906 3055 1071 3121 codicibus
1100 3072 1178 3119 usus
1207 3055 1359 3120 maiorem
1392 3059 1458 3122 suis

299 3155 525 3220 auctoritatem
548 3162 581 3220 et
602 3155 697 3220 fidem
718 3156 939 3221 tribuendam
961 3174 1031 3220 esse
1054 3153 1224 3220 contendit.

359 3255 475 3337 Itaque
500 3259 605 3337 priore
635 3256 862 3338 disputationis
897 3261 992 3336 parte
1023 3255 1100 3320 mihi
1129 3254 1363 3335 anquirendum
1386 3257 1457 3335 erit,

298 3374 370 3436 quse
391 3356 434 3420 sit
455 3357 541 3421 inter
562 3357 619 3422 hos
643 3357 793 3422 carminis
809 3357 932 3421 codices
953 3357 1038 3437 ipsos
1060 3362 1093 3420 et
1117 3373 1191 3420 cum
1213 3355 1378 3420 ueteribus
1394 3357 1457 3422 col-

298 3455 381 3520 latos
396 3461 509 3520 mutua
530 3457 629 3536 ratio,
652 3457 756 3522 altera
777 3457 817 3522 de
832 3455 1023 3522 scholiorum
1040 3457 1151 3520 eadem
1166 3455 1291 3519 ratione
1308 3474 1413 3536 agam.
