3370 5102
747 353 952 415 -54-

16 487 18 592 1
272 515 367 580 uiuos
400 513 543 580 uorum
576 513 787 580 abourueudoc
819 512 1002 597 apponebat,
1035 515 1127 584 ouucn
1154 515 1203 581 rec'
1229 513 1368 580 mauult
1394 515 1429 580 r'u

16 605 17 630 ³
271 614 375 696 prinu
397 633 436 678 ea
458 611 569 678 Pouto.

334 711 377 776 ad
392 729 421 775 v.
436 716 497 778 419
519 710 628 776 Ftttus
642 715 677 774 ut
692 709 832 792 cereris]
848 709 870 772 f.
884 713 943 774 278
952 728 985 776 a:
1007 709 1130 777 Dicuut
1144 709 1311 776 Asterium
1324 711 1429 794 fuisse

270 809 375 893 filium
406 811 523 877 cerero'o
556 813 698 876 amatum
728 807 768 873 ab
801 808 919 874 Arueo.
961 809 998 874 o'd
1028 809 1133 876 adhuc
1163 830 1325 892 nusquam
1358 809 1425 892 topi,

267 914 348 992 puto
373 909 485 992 potius
517 907 753 993 tueutpeuduu
778 907 816 972 de
846 907 1049 991 Tupatuuo,
1077 909 1194 974 cereris
1223 908 1303 992 filio,
1339 929 1431 990 queue

272 1012 395 1072 coastat
416 1014 445 1072 et
463 1009 734 1091 foruostssuaua
754 1011 783 1071 et
804 1007 1021 1072 oactieeuuuru
1041 1009 1146 1090 fuisse
1165 1008 1213 1072 ita
1234 1013 1270 1073 ut
1291 1008 1431 1072 ouuiuuc

256 1105 435 1172 illeceluas
457 1111 487 1172 et
507 1127 580 1188 opes
602 1106 768 1188 cpreueru't.

334 1206 376 1270 ad
391 1223 419 1270 v.
435 1211 496 1271 447
519 1205 557 1270 de
578 1207 682 1289 fratre
695 1203 872 1288 medusae]
888 1203 909 1268 f.
923 1209 1023 1269 27911
1046 1204 1240 1288 Apollonius
1260 1205 1324 1289 fuit
1341 1204 1431 1288 filius

267 1304 378 1388 pailet,
406 1311 442 1369 ut
463 1304 520 1370 alit
542 1303 662 1382 dicuat,
689 1302 777 1381 aue,
806 1303 1057 1383 alexandrium
1083 1325 1211 1370 sorores
1236 1303 1431 1369 111111111-

274 1405 391 1472 cusam
405 1409 435 1469 et
447 1403 641 1488 arpiroeleuu
659 1403 833 1485 curuosut't
848 1403 1065 1486 urpouaule'oa,
1083 1425 1164 1486 quae
1180 1425 1251 1469 curu
1263 1404 1430 1468 recitasset

273 1503 426 1569 damnata
446 1508 524 1568 suut
544 1525 565 1568 a
579 1503 685 1585 poetis
707 1507 801 1583 atque
823 1502 859 1567 od
882 1523 951 1567 earu
977 1503 1182 1586 rpuouciuo'oru
1203 1503 1334 1568 secessit
1356 1501 1430 1566 rico-

275 1601 358 1679 duru,
381 1603 437 1666 ulu‘
449 1623 567 1684 poema
588 1603 760 1685 oucttpauu't
785 1602 845 1678 ita,
875 1606 912 1666 ut
932 1601 972 1666 ab
994 1603 1138 1667 crucibus
1161 1602 1371 1684 probaretur,
1402 1605 1430 1665 et

275 1701 402 1768 auitae
423 1701 561 1766 (1111111
583 1707 641 1779 est,
669 1701 753 1766 uude
775 1706 823 1765 est
843 1699 1023 1783 appellatus
1045 1700 1188 1766 rhodiae.
1214 1699 1430 1766 commotus

275 1799 368 1866 Batti
386 1800 476 1884 filius
497 1802 532 1866 iu
546 1800 754 1884 Apollonium
776 1800 969 1882 dicemulum
988 1802 1133 1866 inuectus
1155 1805 1210 1878 est,
1233 1799 1431 1882 auranitide

270 1897 457 1982 appellauit.
511 1899 596 1982 quod
630 1899 668 1965 dc
690 1899 821 1982 pontida
855 1921 918 1964 uou
951 1898 1033 1964 uullu'
1064 1900 1185 1978 dicuat,
1225 1899 1350 1963 omuuoo
1385 1903 1432 1963 est

277 1997 417 2063 alo’euuru
438 1998 478 2062 ab
499 1997 636 2062 historia
657 2003 686 2063 et
706 1999 839 2063 ueritate
860 2002 954 2062 earet.

335 2097 385 2162 Do
413 2095 473 2161 hoc
493 2094 628 2166 Pontide
654 2095 707 2160 uel
734 2095 892 2160 Penthide
920 2097 953 2160 in
981 2094 1124 2160 Galeano
1152 2100 1186 2161 et
1218 2095 1305 2176 apud
1326 2095 1431 2179 Mure,

276 2193 310 2260 in
333 2193 419 2259 Solu.
443 2193 554 2260 11118
576 2200 610 2261 11
623 2195 699 2260 Ask.
722 2193 833 2260 fabula
854 2199 975 2272 exstat3
998 2211 1082 2275 quae
1102 2199 1281 2260 narrantur
1301 2195 1335 2258 in
1348 2195 1427 2260 Ber·

276 2293 381 2378 mensi,
408 2293 524 2360 mirum
544 2294 578 2359 in
600 2293 728 2360 modum
750 2294 860 2360 sinon
882 2293 1067 2372 uerbio,'re
1087 2298 1197 2359 tamen
1218 2293 1331 2359 eadem
1353 2298 1434 2361 sunt

278 2397 377 2476 atque
396 2394 430 2458 in
452 2393 527 2460 (lod
551 2398 590 2459 36
612 2394 696 2460 Sem.
716 2395 867 2460 Patauini
888 2393 978 2478 [uide
998 2413 1030 2476 p.
1053 2393 1115 2478 30].

338 2492 555 2576 Quamquam,
584 2494 667 2560 sicut
688 2493 769 2572 dixi,
791 2495 824 2558 in
845 2493 1003 2560 Beruensi
1023 2492 1153 2558 fabulae
1175 2496 1321 2576 exstant,
1348 2511 1431 2576 quae

278 2609 343 2656 non
357 2591 463 2657 minus
478 2593 542 2658 sint
563 2591 697 2658 fictitiae
719 2598 777 2659 aut
792 2596 973 2676 corruptae,
995 2597 1033 2658 ut
1048 2592 1090 2658 ad
1105 2610 1132 2656 v.
1144 2612 1172 2656 v.
1187 2596 1257 2676 293,
1274 2597 1342 2675 295,
1360 2597 1430 2670 323,

277 2693 351 2772 348,
375 2693 451 2774 352,
473 2695 551 2768 165,
574 2696 684 2756 tamen
703 2691 763 2756 hoc
778 2692 880 2758 audeo
895 2691 1104 2775 contendere,
1126 2711 1295 2757 numerum
1315 2691 1429 2758 talium

277 2787 463 2854 fabularum
484 2789 585 2856 multo
607 2791 766 2856 minorum
788 2809 858 2856 esee
880 2809 975 2873 quum
1006 2791 1038 2854 in
1062 2790 1165 2856 altero
1187 2791 1429 2872 commonuerim

276 2889 388 2970 itaque
409 2888 498 2954 haud
519 2888 644 2956 difficile
665 2890 728 2955 erit
750 2889 870 2974 dicere,
904 2908 987 2971 quaa
1015 2889 1059 2955 sit
1084 2890 1171 2955 inter
1192 2891 1277 2956 hunc
1299 2896 1331 2956 ot
1353 2891 1431 2956 alios

277 2988 495 3070 discrepantia
505 2993 538 3054 ot
549 2993 664 3054 mutue
673 2989 767 3072 ratio,
783 2988 840 3054 aed
853 2989 1000 3072 quamuis
1011 2989 1089 3070 quid
1103 2989 1212 3056 dehac
1225 2990 1431 3055 iudicandum

275 3087 330 3165 sit,
354 3105 392 3152 ex
414 3088 566 3170 exemplis
587 3106 687 3168 supra
708 3087 815 3154 allatis
837 3088 942 3168 colligi
962 3087 1081 3170 possit,
1103 3088 1201 3154 nihilo
1223 3090 1329 3154 minus
1351 3089 1429 3154 alios

274 3185 359 3252 locos
381 3185 527 3264 afferam,
550 3186 667 3268 quibus
687 3205 750 3250 non
772 3186 874 3252 solum
897 3191 1121 3268 cognoscetur,
1143 3191 1429 3252 commentatorem

274 3284 810 3372 Rernensemaliorumscholiorum
821 3286 1095 3352 accuratissimam
1107 3286 1256 3350 notitiam
1265 3287 1429 3367 collegisse

275 3382 328 3468 [cl.
350 3401 449 3464 supra
470 3383 512 3450 ad
534 3388 608 3468 287,
638 3389 714 3462 419,
734 3384 826 3468 44η,
861 3385 919 3450 sed
941 3385 1037 3450 etiam
1061 3403 1132 3450 eum
1154 3403 1216 3449 non
1247 3384 1359 3470 fuisse,
1392 3391 1430 3451 ut

274 3481 481 3566 exarnussim,
504 3483 587 3548 sicut
609 3482 663 3548 alii
685 3487 854 3548 antaeum
876 3483 1041 3560 fecerant,
1063 3483 1236 3568 reciperet,
1258 3501 1428 3565 quaecum-

275 3598 338 3664 que
358 3580 410 3646 hic
430 3581 494 3646 illic
508 3587 714 3664 reppererat,
737 3601 794 3648 ceu
808 3600 888 3647 uera
909 3600 967 3647 scu
983 3581 1144 3665 absurda,
1167 3583 1215 3648 ita
1235 3587 1272 3648 ut
1294 3583 1429 3648 aliorum

272 3680 574 3762 interpretationem
592 3680 634 3746 ad
656 3681 830 3764 quemlibet
849 3681 954 3746 locum
976 3699 1056 3746 suae
1080 3681 1183 3763 ipsius
1205 3681 1349 3765 adderet,
1371 3683 1428 3748 scd

273 3779 369 3844 certis
391 3797 518 3862 semper
539 3781 643 3846 causis
664 3784 855 3846 commotum
870 3780 1007 3846 aliorum
1023 3780 1225 3862 explicationi
1246 3785 1285 3845 ut
1298 3781 1427 3846 minime

272 3876 459 3957 probandae
480 3896 571 3944 suam
593 3880 787 3962 opposuisse.

335 3976 377 4041 ad
397 3994 426 4040 v.
443 3980 512 4042 313.
556 3977 657 4060 thue
673 3979 769 4044 Jouo's
785 3977 904 4060 trouu]
920 3975 940 4040 f.
958 3981 1018 4040 272
1030 3995 1062 4041 a:
1088 3977 1250 4044 (lambisco
1268 3979 1339 4044 Rea
1350 4001 1426 4062 per-

271 4073 367 4151 sidis,
400 4074 438 4138 de
470 4095 531 4157 quo
559 4076 741 4142 Herodotus
756 4078 780 4158 ¹)
811 4074 995 4160 [eradatur]
1025 4075 1126 4141 multa
1156 4081 1185 4141 et
1218 4077 1382 4157 Jusceuus,
1397 4079 1423 4159 2)

338 4239 359 4306 ¹)
375 4239 475 4295 aaron
491 4223 546 4308 111,
563 4243 608 4309 ac,
625 4241 660 4296 ar.
677 4242 695 4296 1.

337 4320 360 4388 ²)
377 4321 490 4390 111111,
507 4323 584 4390 1.,e,
602 4328 626 4379 1:
654 4323 698 4380 Ad
718 4323 986 4391 Ammonioquoque
1010 4321 1209 4378 nobilissimum
1231 4324 1361 4392 templum
1380 4339 1424 4378 ex·

271 4403 445 4472 pugnandum
468 4406 616 4461 exercitum
633 4406 728 4474 mittit,
754 4405 801 4476 qui
827 4403 1036 4474 tempestatibnn
1062 4411 1091 4461 11
1116 4406 1280 4461 hermarum
1304 4405 1421 4460 molibus

270 4501 420 4558 oppremua
435 4486 545 4545 interiit
