3370 5102
757 307 961 364 „7-

277 473 305 520 v.
329 461 390 521 210
421 458 543 526 boicae
568 461 630 527 luit
883 467 1435 553 Μο101.,Β1101.11011111.,Ο1.8011.

280 672 309 717 V.
333 659 392 720 296
424 659 568 724 cerberei
582 680 683 742 marg.
694 662 861 729 l'ucclncrct
883 568 1157 752 Mcrblllrbblibbblfons
1171 687 1234 734 101
1252 671 1436 754 indicatur]

277 771 307 818 v,
332 759 391 818 316
425 757 561 823 deuoret
582 781 659 826 osso
881 763 984 829 Berol.
1009 768 1140 838 membr.

280 872 308 917 11.
333 860 392 919 345
427 857 566 924 driantia
584 859 623 924 de
883 866 1062 946 complures
1084 867 1252 952 [dryant.].

279 972 305 1018 v.
332 959 391 1018 552
413 957 504 1039 fripic'
881 964 948 1029 Pet.
967 966 1109 1049 membr,
1123 967 1191 1032 Pet.
1208 969 1319 1051 chart,
1337 969 1432 1034 Bers-

945 1084 1061 1149 mann,
1083 1067 1173 1148 aeg,
1196 1068 1300 1133 Berol.
1331 1069 1434 1134 chart.

941 1166 1005 1230 duo
1027 1167 1206 1252 [Pbrqpc'c]

280 1276 310 1320 ν.
335 1261 394 1321 593
418 1262 589 1341 superabis
881 1266 984 1330 Berol.
1007 1266 1138 1332 membr.

339 1375 428 1440 Haec
446 1379 607 1459 exempla,
632 1399 728 1465 quae,
753 1381 812 1446 nisi
829 1382 892 1446 alia
907 1401 957 1446 me
979 1383 1146 1462 fugerunt,
1169 1385 1275 1449 omnia
1291 1387 1438 1468 apposui,

277 1474 356 1538 satis
378 1493 437 1540 uos
459 1478 589 1543 docent:

298 1592 329 1673 a)
360 1592 478 1658 librum
496 1595 679 1661 Galeanum
704 1582 873 1678 permultis
904 1601 980 1665 locis
1003 1601 1106 1680 iisque
1121 1619 1217 1681 saepe
1232 1601 1441 1680 grauissimis,

359 1693 415 1756 ubi
438 1693 492 1756 alii
515 1695 645 1761 codices
660 1698 757 1763 ualde
778 1699 863 1764 inter
879 1718 914 1764 se
937 1699 1099 1779 diflerunt,
1121 1701 1237 1764 mirum
1265 1701 1298 1766 in
1312 1702 1440 1770 modum

359 1795 538 1858 consentire
561 1814 632 1859 cum
659 1797 824 1862 nonnullis
848 1799 969 1882 eisque,
993 1819 1072 1881 quos
1098 1818 1197 1882 supra
1218 1789 1381 1865 annotauiss

298 1908 332 1991 b)
366 1910 451 1998 inter
467 1911 526 1976 hos
544 1913 668 1979 codices
692 1913 759 1980 iere
775 1935 950 1998 numquam
967 1935 1021 1982 eos
1043 1917 1194 1999 inueniri,
1219 1936 1297 1999 quos
1311 1917 1440 1983 Ellisius

361 2012 500 2076 secundo
533 2012 600 2076 loco
631 2014 690 2078 sibi
718 2017 880 2096 praesidio
908 2017 1006 2081 fuisse
1028 2017 1120 2100 dicit,
1150 2016 1439 2101 vindobonensem,

363 2111 1440 2201 VaticanumMutinensem,Holkhamicum,Parisiensem,Franco-

323 2235 325 2243 *
362 2211 542 2293 fontanum,
566 2213 622 2278 sed
637 2233 746 2280 omnes
763 2217 840 2284 alios
859 2237 939 2296 esse,
965 2235 1101 2300 quorum
1119 2217 1266 2284 Ellisium
1283 2236 1440 2298 nusquam

364 2313 558 2379 mentionem
580 2315 688 2381 iacere
710 2319 785 2384 uidi.

349 2427 546 2518 Sequitur,
564 2431 742 2505 lillisium
758 2437 898 2508 multos
915 2456 1068 2526 eosque,
1085 2434 1441 2522 11111111111110

286 2531 522 2644 spernendos
543 2538 697 2632 ueteres
720 2537 873 2609 codices
894 2537 1213 2626 praetermisisse.

345 2665 414 2730 Hoc
428 2667 530 2747 igitur
543 2687 593 2734 me
609 2671 797 2750 probauisse
810 2691 912 2753 spero,
929 2673 1106 2738 Galeanum
1122 2671 1268 2752 quamuis
1279 2669 1440 2737 meliorem

281 2783 343 2830 non
378 2770 549 2849 tantopere
581 2771 748 2837 ueteribus
781 2773 871 2838 libris
898 2792 957 2854 pro
983 2773 1183 2853 proprietate
1208 2771 1440 2851 scripturarum

282 2856 451 2944 praestare
467 2875 671 2951 quantopere
693 2873 861 2953 praedicat
875 2873 1012 2938 Ellisius
1037 2871 1098 2937 Sed
1115 2873 1154 2936 de
1169 2871 1304 2936 Galeam
1320 2887 1438 2950 genere

279 2965 364 3032 iufra
386 2971 561 3050 separatim
584 2977 709 3052 agetur.
1166 2962 1174 2978 '

345 3086 469 3151 Deinde
490 3107 605 3170 unum,
629 3091 714 3170 quod
737 3091 963 3171 mihi'quidem
986 3107 1078 3154 nemo
1100 3087 1279 3168 explicabit,
1302 3086 1438 3150 reticere

280 3205 341 3250 uon
368 3205 518 3267 possum3
552 3189 608 3269 qui
635 3191 719 3254 enim
749 3190 798 3268 fit,
829 3209 962 3272 quaero,
997 3188 1081 3270 quod
1102 3187 1232 3252 Ellisius
1253 3185 1325 3250 LIX
1352 3185 1438 3248 locos
1471 3263 1474 3270 .

282 3287 417 3351 laudare
443 3306 561 3369 operae
583 3290 722 3370 pretium
745 3307 813 3354 esse
835 3289 979 3370 putauit,
1002 3307 1081 3370 quos
1104 3287 1241 3352 codicem
1260 3285 1439 3350 Galeanum

283 3385 343 3451 sibi
356 3388 536 3468 peculiares
547 3388 677 3474 habere,
695 3391 838 3470 equibus
850 3389 1084 3470 praestantiam
1095 3387 1210 3451 codicis
1226 3385 1438 3450 demonstrari

284 3487 410 3551 censuit
425 3487 477 3552 uel
489 3489 597 3569 potius
609 3495 727 3568 censet,
744 3489 841 3554 1111110
855 3490 960 3554 minus
972 3506 1150 3570 perpaucos
1161 3488 1192 3550 in
1204 3490 1330 3550 textum
1344 3503 1438 3549 suum

281 3587 413 3669 recepit,
439 3593 552 3652 eontra
573 3605 729 3671 persaepe
752 3589 886 3654 aliorum
909 3589 1052 3654 Galeano
1079 3586 1266 3651 inferiorum
1287 3585 1439 3650 lectiones

280 3688 463 3766 praetulit?
485 3687 533 3752 Ex
548 3689 695 3753 omnibus
719 3691 801 3754 enim
819 3690 953 3754 Galeani
975 3687 1165 3754 lectionibus
1187 3686 1282 3751 hasce
1303 3685 1440 3765 recepit2

281 3807 308 3851 v.
327 3793 366 3852 30
383 3810 455 3869 quo,
476 3789 559 3870 quod
565 3835 577 3873 ,1
597 3794 633 3852 nt
649 3790 681 3852 11
696 3793 883 3854 transcursu
899 3806 1130 3864 commoneam,
1151 3787 1213 3850 iam
1230 3785 1437 3868 Merkelius1)

283 3890 442 3972 restituit,
475 3893 544 3952 1394
564 3889 679 3954 Tecum
712 3889 792 3954 bella
822 3909 945 3972 peram,
980 3892 1040 3952 210
1066 3886 1200 3964 loaisae,
1234 3889 1289 3948 211
1322 3883 1436 3963 illuxit,

348 4129 366 4193 ¹)
397 4127 546 4184 Merkelius
569 4127 672 4182 nullum
697 4144 712 4181 e
737 4125 876 4180 codicibus
904 4123 1046 4178 Ellisianis
1075 4121 1232 4178 exhibuisse
1260 4119 1367 4175 uidetur
1387 4119 1439 4174 nisi

281 4211 411 4280 vindob,
436 4211 577 4279 Francos„
602 4211 722 4265 fortasse
748 4211 908 4264 Vaticanum
935 4223 1042 4276 quoque
1068 4223 1094 4261 1.
1115 4209 1178 4260 1602
1206 4205 1288 4272 signs,
1317 4202 1439 4272 equidem

281 4297 373 4352 nescio
387 4311 421 4350 an
439 4297 492 4350 iste
509 4295 593 4351 codex
611 4295 740 4350 incorum
753 4309 864 4350 numero
882 4291 1023 4364 ponendus
1043 4291 1093 4357 sit,
1109 4307 1176 4358 quos
1196 4289 1278 4357 ,duos
1293 4287 1439 4346 Vaticanus

281 4377 400 4436 Heinsii“
420 4385 509 4437 uocat.
