3370 5102
752 306 958 366 ..9-

298 469 358 531 486
393 465 446 533 ille
751 467 821 550 ipse
1105 467 1217 546 Merk,
1240 468 1325 536 Ries.

300 569 359 630 538
395 567 584 650 antepedes
751 572 823 632 aaa
846 566 952 632 oeulos
1106 565 1218 652 Merk,
1240 567 1325 634 Ries.

300 667 359 728 552
397 664 575 750 Pbrppe'um
749 667 840 750 fripii
1105 665 1198 731 vind.
1221 665 1395 752 [sriptum]

301 768 359 828 593
395 767 565 848 superaris
750 766 919 848 superabis
1106 765 1209 830 Berol.
1226 766 1368 850 membr,
1385 767 1433 832 ed.

1147 865 1217 930 Ald.
1241 866 1358 946 prior„

300 965 359 1026 606
395 965 725 1048 eorporupeeb'ferum
752 965 799 1030 sie
821 969 877 1030 tua
886 965 1080 1048 pestiferum

438 1065 486 1130 sle
507 1069 564 1128 tau
1107 1065 1220 1148 Merk,
1242 1065 1327 1130 Ries

302 1165 358 1226 621
396 1165 431 1229 in
467 1164 568 1228 Isidis
612 1163 726 1246 hospes
755 1163 880 1229 Isidius

397 1263 544 1348 [uidetur
566 1281 635 1330 esse
657 1267 842 1333 coniectura
863 1265 989 1348 allisit]

301 1369 361 1429 644
396 1369 425 1429 et
439 1363 522 1446 pede
751 1365 811 1432 sub
826 1365 908 1448 pede
1107 1363 1220 1442 Merk.,
1242 1363 1326 1428 Ries.

341 1463 425 1542 Quid
444 1463 505 1528 hac
526 1461 639 1528 tabula
662 1465 833 1530 doeemur?
873 1466 902 1547 l)
926 1465 1102 1530 Galaanum
1124 1469 1174 1530 tot
1194 1465 1347 1529 lectiones
1369 1463 1432 1528 sibi

280 1564 458 1645 peculiares
479 1581 543 1628 non
564 1563 697 1644 habere3
726 1568 757 1649 2)
780 1566 878 1630 etiam
900 1565 926 1628 si
948 1570 1036 1630 reete
1057 1565 1186 1630 Ellisius
1208 1563 1267 1628 hoc
1290 1563 1434 1645 dixisset,

280 1668 389 1728 tamen
411 1662 479 1727 iere
501 1663 667 1728 dimidium
689 1683 762 1730 eum
783 1683 846 1730 non
868 1665 1038 1746 recepisse3
1066 1670 1103 1730 ut
1125 1664 1196 1729 aliis
1217 1662 1326 1728 uerbis
1347 1665 1434 1738 utar,

282 1763 422 1846 ostendi,
456 1763 602 1828 Ellisium
634 1763 796 1829 centraria
828 1763 957 1842 dixisse,
990 1764 1154 1829 contraria
1186 1761 1315 1840 fecisse,
1350 1779 1434 1843 nam,

284 1879 477 1943 quamquam
504 1863 686 1944 permultae
714 1867 864 1928 ueterum
890 1863 942 1929 uel
964 1864 1091 1928 omnino
1117 1863 1252 1927 aliorum
1278 1860 1434 1925 librorum

282 1961 434 2028 lectiones
456 1962 599 2028 Galeano
628 1963 872 2045 anteponendae
900 1963 1048 2046 luerunt,
1076 1969 1270 2028 tamennon
1293 1959 1433 2026 debebat

282 2061 476 2143 primarium
497 2079 591 2158 suum
613 2063 693 2128 adeo
714 2063 896 2144 neglegere.

353 2375 386 2443 e.
419 2371 481 2444 nu
505 2372 556 2444 1v
579 2371 793 2444 comeum
814 2364 1179 2444 unnrmsneauu
1202 2371 1376 2446 nurus

751 2487 977 2560 nameus.

341 2656 415 2722 Jam
429 2673 466 2721 eo
482 2655 623 2720 deducor
637 2659 674 2722 ut
689 2673 857 2738 quaeram,
881 2655 931 2722 cui
946 2656 1031 2722 inter
1047 2655 1105 2722 hos
1120 2655 1164 2722 IV
1179 2656 1301 2722 codices
1316 2655 1433 2737 prinei·
1461 2649 1469 2709 l

282 2761 379 2838 patus
402 2755 633 2830 adiudicandus
658 2755 714 2834 eit3
745 2774 839 2838 quem
868 2757 909 2820 ad
937 2754 1032 2820 finem
1062 2762 1099 2822 ut
1128 2757 1330 2839 perueniam,
1366 2775 1436 2820 eam

278 2857 365 2920 uiam
393 2855 558 2935 ingrediar
579 2860 618 2920 ut
639 2856 830 2936 scripturas,
862 2855 977 2938 quibus
1000 2857 1147 2937 quamuis
1169 2857 1231 2922 sibi
1257 2855 1437 2937 persimiles

279 2961 388 3021 tamen
412 2953 581 3038 differunt,
604 2974 772 3036 apponam.
1089 3024 1093 3036 ,

363 3073 392 3120 v.
417 3059 464 3120 76.
510 3055 663 3138 Quaeque
684 3062 792 3120 ratum
814 3055 932 3136 triplici
954 3055 1168 3136 pollicebaris
1190 3073 1270 3136 epus

281 3157 362 3222 netis
386 3155 471 3240 Tur,
494 3157 592 3221 nentis
609 3156 688 3240 Gal,
704 3155 787 3234 Par„
809 3155 981 3221 Phil-Tur.
1005 3174 1120 3220 uerum
1142 3155 1296 3220 seruauit.

362 3275 391 3320 v.
414 3261 462 3320 85.
507 3256 658 3322 Carmina
679 3256 754 3320 dum
777 3255 876 3336 capiti
897 3255 980 3320 male
1002 3255 1065 3319 fide
1086 3255 1157 3340 dira
1179 3260 1338 3320 renuatur

280 3361 440 3422 caueatur
461 3357 545 3437 Gal,
574 3356 667 3434 Phil,
691 3355 776 3439 Par,
805 3361 958 3422 canentur
980 3355 1055 3420 Tur.
1099 3355 1220 3432 Elueet,
1250 3354 1301 3418 bie
1322 3355 1354 3418 in
1377 3354 1436 3420 tali

281 3475 403 3521 conexu
426 3475 578 3538 praesens
601 3461 728 3537 tempus
750 3456 977 3538 postulandum
999 3474 1077 3520 esse.

363 3575 392 3621 v,
417 3561 484 3620 135.
527 3557 725 3637 Pugnabunt
747 3575 824 3620 areu
847 3555 923 3620 dum
945 3555 1098 3638 Thraces,
1124 3553 1264 3637 Jaeypes
1288 3553 1382 3620 hasta

279 3657 402 3740 iupipes
425 3657 511 3736 Tur,
532 3657 658 3740 lapides
682 3656 762 3733 Gal,
783 3655 867 3740 Par,
889 3655 1000 3738 ppides
1015 3655 1250 3738 Phil-primum
1266 3654 1307 3720 ad
1323 3673 1436 3720 uerum

281 3757 408 3838 iaappes
431 3755 572 3837 proxime
594 3755 727 3820 accedit.

365 3874 393 3919 v.
419 3859 485 3918 142.
530 3855 702 3940 Eeunpuis
724 3874 828 3920 meres
851 3853 956 3920 oderit
978 3854 1093 3918 umbra
1115 3859 1188 3920 tuos

283 3953 454 4038 Exanpuis
470 3954 555 4032 Tur,
571 3956 728 4020 exanimis
751 3955 831 4038 Gal,
847 3955 940 4034 Phil,
965 3955 1153 4020 Par-Recte
1171 3953 1300 4018 Ellisius
1322 3953 1437 4018 laudat

287 4055 364 4120 Met.
387 4054 537 4132 1v‚·443:

343 4155 463 4218 Errant
485 4175 644 4238 eraapuee
667 4155 735 4218 sine
757 4173 889 4234 corpere
912 4159 944 4219 et
965 4153 1089 4220 essibus
1111 4153 1252 4218 umbrae.

366 4273 394 4318 v.
418 4259 473 4317 221
500 4273 562 4334 sq.:
586 4254 646 4331 Qui
669 4253 763 4317 simul
784 4253 919 4335 inpurae
941 4253 1054 4318 matris
1076 4253 1245 4334 prolapsus
1265 4253 1305 4317 ab
1322 4252 1396 4318 ulae

588 4353 777 4436 Cinyphiam
793 4352 885 4421 foede
901 4373 1034 4440 corpore
1048 4354 1166 4440 pressit
1178 4353 1320 4442 humum,
1336 4359 1395 4424 eet.
